2275 3842
423 218 578 316 '158
927 216 1048 297 T.·
1117 216 1179 295 L
1225 242 1257 296 r
1300 244 1356 298 v
1382 242 1409 297 1
1459 240 1493 295 ι

174 318 405 377 nesze-
429 316 816 401 conspefflor.
862 324 947 381 Ut
977 320 1040 383 in
1079 318 1259 381 castra
1299 332 1594 384 venerunt
1624 362 1645 394 ,
1677 314 1968 402 permisto

170 380 405 442 '‘Can“
427 416 592 461 novo
621 398 888 463 exercitu
927 420 995 462 ac
1037 418 1238 462 vetere
1264 446 1285 473 ,
1324 398 1520 463 castris
1558 397 1828 461 bifariam
1858 397 1951 462 fa-

423 478 536 540 stis
563 526 583 555 ,
621 496 690 541 ut
725 500 878 541 nova
923 481 1150 541 minora
1190 478 1371 543 effent
1408 475 1650 563 propius
1694 477 1957 541 Anniba-

423 556 582 635 lem,
618 558 1012 623 in‘veteribus
1047 559 1230 641 major
1266 580 1433 643 pars,
1461 561 1523 621 δι
1554 578 1731 620 omne
1771 556 1958 621 robur

421 638 645 703 virium
678 636 818 717 effer
841 663 860 713 ;
884 652 912 683 ²
947 657 1077 703 tum
1111 640 1421 724 consulum
1456 639 1590 702 anni
1621 638 1833 724 prioris
1867 643 1956 703 M.

421 718 679 781 Atilium
708 766 730 794 ‚
771 738 999 782 aetatem
1036 722 1415 783 excusantem
1438 766 1460 794 ‚
1490 722 1737 781 Romam
1777 717 1952 781 mise·

423 816 606 873 runt3
634 800 955 870 Geminum
993 800 1310 863 Servilium
1336 846 1355 875 ‚
1392 800 1454 862 in
1493 797 1821 861 minoribus
1855 818 1953 859 ca-

383 877 553 957 *stris
582 924 603 954 ,
646 878 869 961 legioni
921 884 1193 944 Romanae
1230 926 1249 954 ,
1297 884 1359 943 &
1410 880 1633 941 socium
1684 877 1954 963 peditum

202 963 404 1033 ‚Anniba
426 959 820 1043 equitumque
845 959 1079 1023 duobus
1104 958 1368 1023 millibus
1395 959 1736 1043 praeficiunt.
1766 958 1954 1019 Anni·

175 1022 258 1133 22
277 1037 406 1083 ‘'⁸⁸“
426 1036 522 1101 bal
575 1059 916 1123 quanquam
959 1059 1122 1125 parte
1169 1039 1409 1103 dimidia
1453 1039 1650 1103 auitas
1694 1036 1961 1101 hostium.

253 1112 274 1131 ⁸
427 1120 630 1205 copias
655 1120 934 1183 cernebat
953 1169 968 1197 ,
999 1139 1198 1184 tamen
1220 1120 1481 1185 adventu
1504 1118 1816 1182 consulum
1842 1119 1954 1180 mi·

425 1198 495 1265 re
523 1199 800 1283 gaudere.
832 1220 951 1264 non
981 1200 1169 1264 solum
1199 1200 1357 1263 enim
1388 1198 1535 1263 nihil
1570 1220 1644 1262 ex
1679 1197 1868 1281 raptis.
1890 1198 1951 1259 in

425 1278 588 1341 'diem
626 1281 1057 1344 commeatibus
1082 1280 1387 1365 superabat
1405 1328 1425 1355 ‚
1450 1280 1553 1343 sed
1579 1299 1653 1341 ne
1680 1277 1837 1341 unde
1864 1299 1954 1340 ra-

350 1371 356 1376 “
423 1376 597 1444 peret
621 1360 862 1443 quidem
892 1362 1216 1445 quicquam
1236 1360 1452 1444 reliqui
1475 1378 1638 1435 erat3
1662 1359 1825 1421 omni
1848 1378 1955 1421 un·

423 1439 610 1523 dique
632 1440 954 1503 frumento
981 1487 1001 1514 ‚
1031 1442 1407 1525 posteaquam
1436 1458 1575 1523 ager
1606 1460 1816 1521 parum
1846 1454 1951 1501 tu-

427 1536 527 1583 tus
567 1538 694 1583 erat
717 1566 738 1595 ‚
774 1521 835 1582 in
869 1522 1046 1584 urbes
1081 1522 1338 1585 munitas
1378 1518 1671 1584 convesto
1695 1541 1710 1581 ε
1736 1536 1807 1582 ut
1847 1519 1951 1583 vix

421 1598 634 1663 decem
658 1600 888 1663 dierum
933 1601 1145 1685 (quod
1179 1618 1549 1685 compertum
1581 1597 1779 1685 postea
1813 1598 1900 1660 >est
1918 1600 1959 1678 )·-

421 1679 789 1743 frumentum
814 1680 1126 1765 superesset
1139 1729 1169 1757 ,.
1181 1683 1694 1775 Hispanorumque
1722 1680 1801 1741 ob
1820 1679 1949 1741 ino-

421 1760 580 1845 piam
612 1758 875 1822 tranfitio
907 1779 1103 1845 parata
1139 1758 1323 1825 fuerit
1341 1808 1363 1839 ,
1386 1760 1428 1823 fi
1462 1760 1767 1824 maturitas
1801 1776 1951 1822 tem-

421 1860 638 1925 porum
665 1839 993 1924 exspestata
1025 1841 1201 1904 foret.
1774 1864 1781 1873 ·

499 1924 611 1983 XL
629 1924 677 1982 Ι.
725 1919 1014 1983 Ceterum
1045 1920 1367 1984 temeritati
1406 1918 1666 1983 consulis
1700 1939 1768 1981 ac
1806 1939 1950 2005 prae-

421 2020 678 2083 propero
716 1999 956 2083 ingenio
996 2002 1297 2065 materiam
1337 2001 1513 2064 etiam
1552 1998 1793 2062 fortuna
1834 1999 1949 2061 de-

421 2080 514 2143 dit
549 2100 567 2144 ε
606 2078 775 2163 qubd
811 2081 871 2142 in
907 2082 1303 2174 prohibendis
1344 2080 1768 2165 praedatoribus
1789 2125 1810 2154 ‚
1853 2096 1950 2142 tu-

419 2158 750 2224 multuario
766 2159 965 2245 praelio
981 2208 1002 2237 ,
1038 2182 1106 2225 ac
1133 2163 1420 2246 procursu
1447 2160 1631 2243 magis
1657 2159 1911 2223 militum
1922 2206 1960 2236 ,.

420 2238 601 2323 quam
626 2260 700 2303 ex
731 2258 1051 2324 praeparato
1077 2259 1182 2303 aut
1218 2239 1360 2304 'uffu
1388 2239 1465 2301 im
1510 2258 1809 2303 eratorum
1840 2261 1947 2301 or-

174 2310 491 2413 mP⁴⁸22⁸ffo
511 2366 531 2396 ,
566 2319 1024 2405 haudquaquam
1061 2342 1171 2404 par
1256 2320 1415 2383 oenis
1450 2263 1943 2385 dimicatiofuita

171 2383 404 2471 ..η’ἷιαωηῖ
421 2399 494 2462 ad
527 2400 706 2463 mille*
727 2405 789 2465 δι
821 2400 1228 2485 septingentos·
1264 2398 1385 2461 caefi
1408 2446 1427 2474 ,
1462 2421 1587 2463 non
1626 2400 1761 2483 plus
1795 2420 1946 2462 cen·-

167 2481 366 2535 hmani.
420 2498 549 2544 tum
587 2484 988 2543 Romanorum
1025 2480 1444 2564 sociorumque
1489 2480 1713 2545 occisis.
1758 2483 1945 2543 Cete-

347 2583 352 2589 ·
415 2561 546 2624 nim
575 2560 902 2623 victoribus
940 2558 1126 2625 effuse
1158 2558 1541 2645 sequentibus
1564 2610 1583 2637 ,
1611 2580 1774 2625 metu
1810 2560 1947 2625 infi-

415 2640 646 2703 d‘iarum
683 2640 906 2702 obstitit
938 2640 1180 2703 Paullus
1218 2640 1468 2717 consul,
1512 2642 1682 2723 cujus
1724 2663 1799 2703 eo
1845 2641 1949 2703 die

415 2724 598 2796 (nam
643 2718 879 2781 alternis
921 2719 1382 2801 imperitabant)
1425 2722 1739 2805 imperium
1778 2738 1901 2781 erat
1924 2741 1957 2782 ι

410 2805 681 2862 Varrone
725 2799 1064 2882 indignante
1111 2822 1182 2863 ac
1228 2800 1637 2875 vociferante,
1676 2796 1946 2862 emissum·

414 2878 642 2941 hostem
674 2877 709 2939 ὲ
743 2880 1010 2943 manibus
1032 2928 1048 2955 ‚
1088 2881 1527 2965 debellarique,
1605 2879 1622 2939 i
1662 2877 1955 2941 cessatum

415 2956 609 3034 foret,
629 2946 895 3050 pqtuiss‘e.
919 2961 1177 3023 Annibal
1202 2960 1264 3024 id
1287 2899 1626 3025 damnum⁸i1
1664 2958 1745 3022 ud
1766 2977 1955 3043 aeger-

405 3035 563 3134 'xime
599 3055 720 3121 pati
740 3060 756 3101 ε
780 3040 934 3125 quin·
964 3039 1175 3126 potius·
1193 3040 1433 3105 credere
1459 3085 1485 3116 ,
1512 3038 1685 3107 velut
1719 3042 1945 3110 inescav

374 3252 406 3265 ..
481 3200 512 3265 'a
551 3214 926 3305 Tm-tmsazlum
942 3226 974 3284 ],
1001 3220 1159 3272 Potest
1185 3220 1357 3273 omitti·
1369 3216 1605 3287 particula
1629 3228 1758 3273 tum

2227 1165 2269 1299 ,ῥ’
