2275 3842
260 235 285 262 Δ

469 232 630 330 316
964 229 1061 306 T.
1171 227 1574 309 [ινιτ

215 348 445 405 uena.
475 328 607 408 Qui
636 326 743 394 ubi
780 343 907 392 rem
942 327 1104 394 haud
1143 351 1354 393 vanam
1397 329 1510 404 effe
1552 329 1729 394 certis
1770 328 2014 395 indiciis

213 409 448 462 a·<3·²·¹4·‘
471 425 893 494 compererunt
912 454 934 485 ‚
970 408 1259 473 consultis
1297 409 1627 478 senioribus
1653 457 1672 485 ,
1707 411 1771 475 8(
1799 412 2018 475 aucto-

242 577 450 622 Occiditur
474 571 570 633 sos
611 571 839 635 curiam
878 570 931 631 T

217 649 306 680 um
332 637 446 681 The·
479 650 493 663 ⁰

213 690 345 746 misto,

473 489 649 553 ritate
688 511 903 554 eorum
930 489 1200 632 lpraefidio
1238 489 1311 553 ad
1345 489 1510 555 sores
1539 491 1763 574 posito,
1793 493 2022 574 ingres-

977 569 1244 632 emistum
1287 588 1469 656 atque
1513 571 2018 635 Andranodorum

475 649 908 716 interfecerunt
940 672 959 712 ι
1004 653 1111 726 &,
1150 671 1339 734 quum
1381 650 1678 715 tumultus
1717 651 1790 715 ab
1840 671 1903 713 re
1951 651 2020 713 in

473 732 730 818 speciem
768 730 1067 794 atrociore
1090 776 1109 806 ‚
1149 731 1380 794 causam
1407 730 1534 794 aliis
1563 731 1976 814 ignorantibus
1995 777 2019 808 ‚

473 830 647 877 ortus
684 809 825 874 esset
848 838 868 887 3
894 809 1124 874 silentio
1149 811 1388 874 tandem
1414 810 1574 875 facto
1600 856 1622 888 ‚
1655 811 1914 874 indicem
1953 812 2019 873 in

474 893 703 958 curiam
743 890 1230 955 introduxerunt.
1273 890 1406 970 Qui
1434 911 1622 976 quum
1653 890 1862 954 ordine
1891 914 2023 954 om-

474 972 572 1037 nia
599 970 927 1037 edocuisset
947 1019 969 1048 ‚
995 975 1061 1035 &
1087 970 1444 1056 principium
1469 971 1900 1050 conjurationis
1925 969 2022 1032 fa·-

473 1052 641 1116 &um
678 1051 751 1116 ab
786 1053 1120 1116 Harmonia:
1150 1051 1400 1115 Gelonis
1434 1051 1564 1116 filiae
1595 1051 1818 1136 nuptiis
1837 1097 1856 1128 ,
1878 1051 2020 1134 qui·

474 1133 589 1198 bus
624 1132 927 1196 Themisto
952 1131 1152 1214 juncta
1183 1132 1326 1196 esset
1346 1160 1366 1208 3
1395 1131 1683 1210 Afrorum
1723 1133 2020 1216 Hispano-

474 1234 729 1298 rumque
767 1212 1077 1276 auxiliares
1110 1211 1424 1276 instrustos
1457 1213 1530 1278 ad
1562 1213 1782 1277 caedem
1803 1229 2021 1298 praeto·

474 1314 610 1358 rum
652 1293 1106 1378 principumque
1151 1292 1401 1358 aliorum
1433 1319 1452 1376 3
1486 1292 1765 1377 bonaque
1805 1313 2020 1356 eorum

474 1373 677 1466 praedae
730 1373 960 1465 futura·
982 1373 1465 1438 interfectoribus
1565 1371 1985 1467 renunciatum·
1996 1399 2022 1451 3

474 1475 594 1540 Jam
638 1474 1138 1532 mercenariorum
1171 1474 1410 1517 manum
1446 1475 1478 1517 a
1525 1472 1721 1517 uetam
1756 1473 2023 1538 tmperus

478 1534 901 1598 Andranodori
940 1552 1200 1618 paratam
1232 1531 1399 1596 fuisse
1433 1533 1509 1597 ad
1537 1533 1793 1597 Insulam
1822 1536 2023 1597 rursus

477 1614 885 1700 occupandam
908 1641 928 1689 3
953 1613 1173 1696 singula
1192 1609 1404 1676 deinde
1423 1659 1444 1688 ,
1471 1635 1602 1707 quae
1619 1634 1724 1700 per
1789 1616 2020 1698 uosque

477 1711 793 1780 agerentur
820 1740 838 1768 ,
866 1709 1177 1777 totamque
1201 1693 1343 1757 viris
1367 1696 1659 1777 armisque
1682 1695 1741 1755 in
1793 1693 2022 1757 rustam

478 1773 954 1856 conjurationem
996 1789 1134 1837 ante
1176 1772 1388 1836 oculos
1430 1772 1708 1859 posuisset
1738 1801 1758 1850 3
1796 1773 2024 1838 senatui

525 1851 728 1919 uidem
755 1871 876 1920 tam
907 1853 1037 1936 jure
1067 1853 1227 1931 caefi,
1251 1855 1434 1938 quam
1455 1849 1862 1937 'Hieronymus
1883 1899 1904 1930 ,
1926 1854 2036 1919 vi-

478 1876 793 2002 debantur.
817 1937 978 1998 Ante
1006 1934 1232 2000 curiam
1261 1935 1431 2006 variae
1453 1953 1634 2021 atque
1663 1935 1901 1998 incertae
1933 1954 2028 1998 re-

483 2039 619 2082 rum
652 2013 1055 2081 multitudinis
1086 2015 1308 2078 clamor
1345 2031 1489 2077 erat.
1527 2035 1708 2101 quam
1739 2013 2027 2077 ferociter

487 2096 860 2162 minitantem
884 2096 945 2160 in
970 2095 1264 2160 vestibulo
1298 2095 1472 2157 curiae
1495 2139 1516 2170 ‚
1549 2108 1578 2138 ²
1606 2115 1858 2180 corpora
1881 2115 2032 2158 con-

485 2180 819 2261 juratorum
856 2195 931 2240 eo
966 2193 1131 2238 metu
1165 2172 1626 2257 compresserunt
1644 2221 1670 2251 ,
1701 2192 1773 2237 ut
1793 2173 2028 2238 silentes
2092 2183 2101 2190 “

490 2270 516 2317 ³
548 2258 835 2340 integram
868 2255 1102 2341 plebem
1134 2254 1196 2320 in
1234 2253 1590 2318 concionem
1619 2255 2026 2338 sequerentur.

484 2343 741 2422 Sopatro
776 2335 1119 2430 mandatum
1160 2331 1234 2398 ab
1273 2335 1475 2400 senatu
1519 2338 1586 2404 &
1625 2334 1699 2398 ab
1733 2333 1982 2424 collegis
2001 2379 2026 2413 ,

484 2436 556 2482 ut
588 2418 770 2482 verba
806 2413 1049 2480 faceret.
1805 2443 1823 2469 t

562 2501 743 2562 XXV.
770 2508 793 2542 ¹
824 2501 885 2559 Is
924 2513 1205 2581 tanquam
1231 2513 1366 2559 reos
1393 2497 1622 2580 agebat.
1655 2496 1730 2561 ab
1763 2493 2029 2560 amendia

486 2577 611 2643 vita
642 2578 807 2642 orsus
830 2621 853 2652 ,
878 2595 1270 2660 quaecumque
1301 2577 1428 2660 post
1459 2577 1739 2640 Hieronis
1769 2593 2028 2640 mortem

487 2656 724 2722 sceleste
760 2674 939 2739 atque
980 2655 1164 2740 impie
1200 2655 1350 2720 fasta
1387 2655 1608 2728 essent,
1635 2655 2028 2720 Andranodo-

492 2758 625 2806 tum
664 2757 732 2801 ac
768 2734 1139 2807 Themistum
1171 2736 1366 2822 arguit
1393 2735 1611 2802 fecisse.
1637 2748 1668 2781 ²
1691 2739 1852 2819 ,Quid
1875 2738 2026 2798 enim

560 2865 587 2897 2
626 2856 817 2921 Corpora
844 2852 1223 2916 coniuratorum]
1288 2868 1368 2906 eos
1384 2867 1552 2901 coram
1574 2852 1810 2922 judicibus
1831 2855 2026 2908 accust-

486 2915 705 2981 Intellige
723 2951 741 2977 ,
762 2917 973 2981 projesta
1002 2932 1112 2976 ante
1138 2933 1222 2968 ve·
1289 2931 1376 2965 ret.

484 2977 712 3030 stibulum
740 2983 900 3032 curiae.
1154 2977 1162 2984 ”

546 3059 569 3104 3
620 3048 727 3099 Inte
776 3062 856 3094 em
888 3043 1098 3114 plebem]
1136 3050 1218 3096 Sa-
1346 3060 1374 3093 2
1484 3047 1568 3098 uid
1599 3048 1720 3100 enine
1749 3047 1842 3112 fiala·
1868 3049 2030 3115 sponte

481 3109 670 3162 niorem
692 3125 723 3175 p
746 3110 846 3160 ebis
871 3126 1071 3176 partem.
1267 3108 1424 3176 ficiffe
1537 3115 1849 3179 ἱενοιῃηηω]
1906 3113 2029 3164 Dele

518 3225 531 3247 k
545 3187 567 3220 r
589 3177 645 3224 Is
661 3186 881 3244 tanquam
900 3191 998 3224 reos
1013 3172 1180 3240 agebat
1276 3177 1330 3226 su
1361 3191 1674 3230 etvacnnmm
1711 3191 1886 3232 vocem
1904 3211 1925 3239 ,
1943 3175 2030 3246 seq

476 3242 524 3290 1⁸
549 3241 617 3292 ita
642 3241 694 3290 in
718 3255 799 3291 eos
826 3239 1016 3290 dicebat
1032 3271 1052 3301 ,
1078 3255 1117 3306 q
1275 3191 1391 3310 εἱᾶε.
1685 3251 1692 3258 ·
