2275 3842
512 226 672 313 ‘192'
991 213 1085 290 T.
1183 173 1506 292 L1⁸v1
1556 241 1592 292 1

264 343 409 395 U.c.5
423 345 496 394 36.

263 411 309 448 ι.
322 400 496 447 ·C.216.

305 585 500 643 Defeffio

261 645 476 704 liciorum.

520 315 692 399 quod
730 312 836 400 qui
870 312 1169 380 sociorum
1201 316 1278 379 ad
1315 336 1444 380 eam
1487 315 1648 382 diem
1685 315 1838 382 firmi
1879 315 2058 383 stetei

520 413 651 460 rant
680 445 698 472 ‚
748 414 879 458 tum
921 394 1119 459 labare
1157 414 1482 481 coeperunt
1514 444 1536 475 ‚
1579 395 1740 462 nulla
1825 398 2060 464 rofedko

520 475 635 540 alia
659 475 735 540 de
764 496 827 540 re
848 523 869 553 ,
893 476 1074 560 quam
1100 475 1272 560 quod
1298 478 1746 563 desperaverant
1810 500 1844 541 e
1868 481 2060 563 impe-

522 557 633 620 rio.
674 571 702 602 ²
745 556 1041 620 Defecere
1083 575 1283 622 autem
1321 557 1395 621 ad
1440 561 1668 622 Poenos
1707 558 1772 622 hi
1813 559 2058 644 populi:

520 635 825 715 Atellani,
857 637 1118 702 Calatini
1143 684 1164 713 ‚
1204 638 1480 723 Hirpini,
1508 639 1850 724 Apulorum
1883 659 2060 725 pars,

520 719 813 783 Samnites
848 736 1057 802 praeter
1085 721 1339 782 Pentros
1358 765 1379 795 ,
1407 720 1626 784 Bruttii
1656 740 1861 784 omnes
1879 766 1900 796 ,
1940 725 2060 783 Lu·-

412 808 424 823 ’
510 799 681 890 tani..
708 816 916 883 praeter
952 799 1065 862 hos
1102 811 1125 852 ³
1169 801 1501 864 Surrentini
1539 846 1560 877 ‚
1603 804 1666 864 δι
1706 805 2058 864 Graecorum

352 975 395 992 ᾖ
436 993 441 998 ι

291 1138 419 1186 'aeis
430 1150 502 1185 u·

264 1211 362 1242 nen
382 1213 499 1242 men-

251 1255 328 1302 ⁴⁸⁰0
344 1254 477 1306 nulla.

292 1613 477 1660 Varroni

262 1671 442 1721 obvidm

264 1729 375 1774 itum
386 1763 403 1786 ‚
420 1736 474 1777 θ’

260 1787 411 1842 gratie

262 1844 379 1896 aaa.

518 899 714 942 omnis
759 877 946 943 ferme
994 902 1099 944 ora
1136 907 1159 957 3
1201 882 1506 945 Tarentini
1541 928 1562 956 ,
1616 880 2060 964 Metapontini,

494 959 948 1023 Crotonienses
978 1008 997 1037 ,
1038 961 1338 1044 Locrique
1369 1008 1387 1037 ‚
1429 965 1505 1025 δι’
1527 960 1811 1046 Cisalpini
1849 980 2064 1026 omnes

522 1041 701 1104 Galli.
740 1047 873 1105 Nec
900 1058 1094 1104 tamen
1118 1041 1208 1105 hae
1234 1041 1432 1105 clades
1456 1039 1938 1126 defestionesque
1965 1043 2063 1104 so-

520 1122 757 1185 ciorum
794 1139 1116 1186 moverunt
1147 1168 1170 1196 ‚
1214 1139 1285 1186 ut
1321 1123 1480 1206 pacis
1523 1142 1787 1207 unquam
1825 1122 2060 1186 mentio

522 1201 681 1285 apud
704 1204 1002 1266 Romanos
1025 1201 1227 1278 fieret,
1255 1223 1330 1265 ne
1377 1223 1454 1267 ue
1485 1221 1622 1265 ante
1653 1201 1909 1267 consulis
1935 1206 2060 1265 Ro-

520 1301 677 1344 mam
708 1282 1031 1348 adventum
1052 1330 1072 1359 ,
1114 1303 1230 1346 nec
1263 1306 1342 1370 po
1393 1303 1572 1368 quam
1598 1283 1648 1344 is
1679 1282 1856 1346 rediit
1886 1303 2061 1346 reno·
2126 1330 2135 1341 ,

518 1361 803 1445 vavitque
848 1364 1196 1427 memoriam
1245 1382 1498 1450 acceptae
1543 1363 1748 1427 cladis.
1806 1368 1958 1443 Quo
1994 1363 2058 1427 in

519 1461 791 1526 tempore
819 1445 980 1538 ipso,
1022 1443 1172 1507 adeo
1199 1461 1414 1526 magno
1441 1445 1635 1507 animo
1662 1443 1872 1510 civitas
1897 1443 2016 1507 fuit
2033 1441 2096 1521 ,‘

518 1540 592 1586 ut
628 1524 855 1587 consul1
882 1545 954 1587 ex
981 1541 1144 1587 tanta
1170 1522 1337 1587 clade
1357 1572 1377 1600 ,
1403 1527 1572 1606 cujus
1597 1524 1720 1608 ipse
1743 1525 1910 1588 causa
1938 1546 2060 1589 ma-

517 1603 677 1666 xima
708 1603 907 1669 fuisset
939 1651 961 1682 ,
1005 1604 1325 1680 redeunti,
1361 1607 1424 1668 δε
1461 1605 1702 1670 obviam
1745 1605 1896 1668 itum
1935 1604 2058 1668 fre-

519 1700 771 1766 quenter
816 1684 889 1746 ab
933 1685 1212 1748 omnibus
1255 1683 1564 1749 ordinibus
1600 1685 1710 1761 fit,
1747 1688 1814 1748 δε
1856 1687 2059 1769 gratiae

517 1761 661 1827 astae-
688 1762 856 1848 quod
898 1763 972 1828 de
1010 1763 1314 1850 republica
1349 1785 1471 1844 non
1510 1761 2008 1850 desperaffetzcui
2035 1814 2056 1843 ,

518 1853 553 1897 4
590 1841 632 1904 fi
668 1844 1244 1928 Carthaginiensium
1280 1843 1492 1910 ductor
1525 1843 1720 1912 fuisset
1737 1893 1758 1924 ‚
1782 1845 1930 1909 nihil
1964 1865 2058 1917 req

514 1924 841 1996 §usandum
866 1925 1137 2013 supplicii
1157 1923 1347 1992 foret.
1919 1933 1930 1940 “

589 2121 617 2152 2
647 2104 855 2170 Defecere
872 2142 887 2158 .
905 2139 950 2156 ..
982 2105 1034 2155 ha·
1062 2105 1248 2175 populi]
1318 2121 1458 2156 oram
1481 2105 1729 2172 pertinent.

516 2173 635 2221 Non
658 2168 794 2218 fimul
820 2185 983 2220 omnes
1008 2172 1063 2218 hi
1090 2172 1257 2236 populi
1384 2191 1415 2229 4
1446 2174 1500 2220 Sa·
1521 2168 1953 2234 Carthaginiensium
1971 2169 2060 2220 du·

518 2233 727 2286 defecere
745 2267 763 2295 ,
796 2236 876 2285 sed
920 2233 1116 2300 quidam
1161 2235 1256 2283 sta-
1319 2233 1413 2283 Hor
1427 2234 1620 2301 fnu‘ffet]
1650 2239 1778 2283 Mira
1810 2234 1900 2284 fuit
1928 2239 2052 2285 Car-

519 2301 609 2348 tim
630 2333 647 2359 ,
679 2298 875 2365 quidam
902 2297 1007 2365 post
1037 2314 1218 2348 annum
1237 2333 1254 2359 ,
1321 2297 1686 2364 thaginienfium
1713 2303 1763 2348 in
1788 2298 1925 2349 duces
1946 2300 2056 2349 suos

518 2363 719 2429 quidam
766 2367 909 2414 tertIo
953 2376 1037 2412 aut
1083 2379 1258 2428 quarto
1321 2364 1554 2412 acerbitas
1573 2398 1589 2422 ,
1623 2379 1742 2430 quos
1773 2366 1824 2413 in
1864 2379 2058 2417 crucem

516 2427 623 2494 post
658 2443 804 2492 anno·
1320 2428 1488 2476 tollere
1535 2428 1666 2479 soliti
1722 2442 1855 2478 etant
1890 2463 1907 2488 ,
1955 2444 2057 2478 non

582 2509 603 2551 3
657 2492 946 2554 Surrentini]
988 2496 1107 2556 Lege
1143 2489 1252 2542 Sal-
1317 2491 1468 2542 modo
1488 2491 1518 2540 fi
1537 2493 1676 2559 culpi
1699 2491 1779 2542 sua
1802 2493 1914 2542 visti
1935 2491 2076 2556 fuis-⁵·

519 2554 699 2605 lentini.
712 2559 844 2605 Nam
863 2560 1152 2618 Surrentini,
1204 2560 1254 2606 ui
1317 2557 1416 2608 sent
1435 2592 1450 2618 ,
1470 2555 1549 2606 sed
1580 2562 1728 2608 etiam
1763 2554 1797 2606 fi
1862 2557 2056 2623 rospeto

518 2620 626 2668 sunt
650 2620 698 2668 in
725 2623 997 2697 campaniae
1020 2638 1107 2670 ora
1124 2655 1142 2682 ,
1170 2573 1252 2670 de·
1317 2637 1486 2671 eventu
1505 2638 1687 2688 ,pravo
1701 2618 1830 2674 confi
1853 2624 1934 2686 io,
1951 2637 2056 2672 rem

519 2680 722 2732 kuissent
739 2700 851 2749 pom
868 2684 971 2750 post
991 2686 1253 2736 Calatinos.
1318 2682 1561 2754 geffiffent·

522 2750 595 2798 Ac
622 2747 869 2800 sallentini
892 2747 955 2800 ad
978 2755 1255 2803 Graecorum

1196 2985 1390 3117 Q

1694 3291 2066 3364 ΕΡΙΤΟΜΕ
