2275 3842
440 221 597 296 282
911 215 1544 296 T.L1vrr

194 336 618 400 u,e‚<37‚natus
655 321 678 392 “,
723 329 797 379 ut
838 313 1137 380 coloniam
1179 317 1552 382 Bruttiorum
1593 313 1674 380 e'b
1717 312 1982 393 deduci,

191 405 424 456 meant.
450 410 473 452 ³
530 397 955 481 antiquamque
1004 394 1095 460 fre
1143 397 1404 462 uentiam
1457 417 1683 464 eorum
1713 396 2012 478 recipere‘

445 477 664 560 vastam
706 497 775 540 ac
810 477 1103 540 desertam
1179 477 1311 541 ellis
1352 477 1560 540 urbem
1601 494 1984 560 paterentur,

446 557 718 621 omnium
736 557 1029 620 neminem
1045 603 1066 635 ‚
1093 575 1303 640 praeter
1322 555 1799 620 Aristomachum
1815 601 1836 630 ,
1851 576 1987 618 mo-

450 637 563 702 vit.
600 638 929 708 morituros
964 637 1021 698 se
1065 636 1430 706 affirmabant
1476 635 1654 700 citius
1689 681 1709 710 ,
1751 634 1934 720 quam
1959 677 1985 709 ‚
2105 675 2134 717 0

451 717 690 781 immisti
728 715 981 781 Bruttiis
1003 760 1024 790 ,
1049 717 1111 780 in
1151 717 1375 788 alienos
1411 717 1562 781 ritus
1583 763 1603 792 ‚
1632 734 1868 790 mores,
1891 713 1989 777 le-

452 799 570 881 ges
602 816 677 877 ue
710 841 731 872 ,
773 817 841 859 ac
887 815 1027 859 mox
1066 797 1329 881 linguam
1369 797 1547 860 etiam
1586 811 1986 859 verterentur.

156 911 201 940 ,a
453 877 589 940 Arii
616 876 903 941 omachus
941 896 1095 941 unus
1114 923 1136 952 ‚
1203 875 1399 942 nando
1433 897 1546 940 nec
1586 873 1883 939 suadendo
1911 873 1990 938 ad

206 976 215 984 ·
454 955 824 1022 deditionem
872 957 1007 1020 satis
1054 957 1183 1022 vale
1229 975 1288 1021 at
1319 1003 1342 1032 ‚
1384 976 1495 1020 nec
1524 1003 1544 1032 ,
1579 955 1731 1019 ficut
1771 954 1989 1018 urbem

456 1037 799 1125 prodiderat
816 1084 834 1114 ,
859 1036 1063 1100 locum
1087 1035 1403 1122 prodendae
1427 1036 1578 1101 arcis
1614 1029 1990 1110 invenieb’at,

457 1117 780 1200 transfugit
808 1116 881 1180 ad
913 1123 1280 1192 Hannonem.
1317 1117 1634 1180 Locrenses
1659 1117 1831 1191 brevi
1859 1113 1991 1198 post

456 1197 640 1282 legati
676 1218 863 1282 quum
938 1197 1170 1262 ermiss'u
1203 1197 1513 1260 Hannonis
1545 1217 1742 1260 arcem
1778 1195 1992 1257 intras-

460 1279 591 1340 sent
620 1324 641 1352 ,
684 1279 885 1362 persua
928 1295 1033 1339 ent
1062 1323 1083 1353 ,
1119 1295 1191 1340 ut
1231 1278 1463 1342 traduci
1498 1279 1555 1338 se
1596 1287 1628 1329 4
1663 1277 1726 1338 in
1765 1281 1993 1339 Locros

458 1375 803 1500 paterentur
824 1402 845 1433 ‚
884 1375 994 1420 nec
1032 1356 1242 1420 ultima
1277 1356 1529 1442 experiri
1571 1355 1814 1420 vellent.
1858 1360 1993 1427 Jam

507 1457 581 1501 oc
614 1454 683 1500 ut
710 1435 811 1498 fibi
848 1435 1095 1513 liceret,
1121 1438 1204 1500 im
1282 1453 1580 1502 traverant
1609 1439 1670 1500 &
1701 1435 1776 1498 ab
1802 1434 1997 1497 Anni·

460 1515 597 1600 bale
621 1562 639 1592 ,
679 1515 853 1580 miffis
880 1515 952 1578 ad
986 1517 1176 1600 ipsum
1227 1517 1432 1600 egatis.
1466 1517 1548 1580 ita
1581 1520 1852 1579 Crotone
1887 1533 1994 1578 ex-

459 1594 683 1660 ceffum
716 1593 838 1671 est,
862 1594 1226 1680 deduCtique
1263 1596 1632 1661 Crotoniatae
1673 1593 1747 1660 ad
1785 1614 1946 1658 mare
1974 1641 1996 1672 ,

458 1694 641 1740 naves
684 1674 1111 1738 conscendunt.
1167 1681 1396 1741 Locros
1436 1676 1630 1740 omnis
1663 1673 1996 1739 multitudo

456 1755 697 1818 abeunt.
738 1760 805 1816 In
832 1754 1051 1838 Apulia
1070 1775 1149 1818 ne
1179 1754 1372 1820 hiems
1398 1755 1642 1840 quidem
1667 1754 1870 1840 quieta
1897 1753 1996 1817 in-

458 1852 553 1900 ter
588 1836 884 1896 Romanos
929 1851 987 1896 at
1035 1855 1110 1898 ue
1151 1836 1507 1906 Annibalem
1543 1852 1687 1898 erat.
1728 1834 1998 1898 Luceriae

458 1913 849 1996 Sempronius
887 1933 1003 1976 con
1030 1913 1135 1988 ul,
1158 1915 1416 1979 Annibal
1447 1913 1608 1978 haud
1639 1913 1851 1999 procul
1876 1918 1998 1977 Ar-

502 1994 550 2056 is
580 1993 947 2058 hibernabat.
982 1999 1150 2057 Inter
1177 2015 1283 2060 eos
1306 1993 1678 2080 levia·praelia
1708 2013 1784 2055 ex
1814 2013 1996 2057 occa-

434 2017 650 2150 gone,
679 2092 783 2136 aut
820 2075 1269 2157 opportunitate
1306 2075 1486 2158 hujus
1521 2091 1624 2138 aut
1663 2072 1826 2137 illius
1863 2095 1998 2157 par-

458 2156 578 2229 tiS,
616 2154 960 2216 oriebantur
994 2178 1009 2218 ε
1044 2155 1377 2239 meliorque
1419 2157 1506 2218 eis
1549 2157 1850 2216 Romanus
1873 2198 1894 2230 ,
1928 2156 1996 2217 Bc

462 2234 655 2300 indies
678 2235 911 2298 cautior
934 2234 1252 2318 tutiorque·
1273 2237 1348 2298 ab
1371 2233 1589 2298 infidiis
1614 2232 1809 2296 fiebat.

266 2313 447 2386 meym·
527 2320 635 2378 IV.
653 2319 728 2376 In
754 2313 952 2377 Sicilia
968 2316 1248 2378 Romanis
1267 2313 1464 2378 omnia
1487 2330 1815 2378 mutaverat
1833 2331 2001 2376 mors

204 2374 413 2483 ssii‘rss·
464 2393 747 2458 Hieronis
770 2437 791 2470 ‚
823 2411 1192 2478 regnumque
1228 2395 1303 2459 ad
1341 2395 1773 2476 Hieronymum
1813 2413 2002 2478 nepo-

214 2502 303 2531 κισ
322 2493 441 2541 sm·
466 2493 591 2558 tem
613 2474 741 2554 ejus
773 2472 1105 2539 transsatum
1125 2497 1142 2538 t
1162 2495 1412 2557 puerum
1430 2521 1452 2550 ,
1474 2474 1721 2540 vixdum
1751 2473 2000 2536 liberta·

464 2573 623 2628 tem,
650 2553 871 2617 nedum
907 2555 1406 2630 dominationem,
1437 2554 1676 2618 modice
1713 2553 1998 2618 laturum.

469 2645 494 2679 ¹
541 2635 697 2698 Laete
739 2634 805 2696 id
843 2635 1154 2716 ingenium
1189 2654 1421 2702 tutores
1465 2653 1646 2719 atque
1693 2633 1868 2698 amici
1919 2633 2000 2698 ad

530 2779 551 2823 3
597 2762 952 2832 Antiquamque
980 2763 1055 2830 fre
1086 2783 1198 2814 uen-
1334 2781 1354 2814 1
1390 2764 1510 2814 Laete
1537 2766 1588 2814 ia
1617 2764 1844 2830 ingenium
1869 2775 1998 2817 tueo-

466 2827 587 2874 tiaem
600 2834 781 2889 eorm]
817 2829 907 2879 Vel
927 2827 1028 2894 lege
1061 2847 1198 2889 um,
1261 2847 1336 2881 res
1362 2843 1502 2898 atque
1534 2829 1667 2878 mici
1698 2827 1764 2876 ad
1797 2827 2004 2940 praecissi·

468 2891 547 2940 vel
572 2890 674 2939 dele
700 2907 868 2941 vocem
896 2909 1060 2942 eorum.
1261 2892 1490 2956 tandum]
1520 2893 1676 2944 Nobis
1709 2896 1860 2957 magis
1889 2909 1922 2956 p
1978 2918 2003 2932 ·

529 2970 559 3008 4
586 2959 643 3001 lu
664 2958 851 3017 Locros]
882 2958 1099 3022 Intellige
1116 2974 1202 3021 po-
1266 2973 1392 3008 ceret
1409 2957 1520 3006 [αἱ.
1553 2957 1638 3006 Sed
1664 2960 1713 3006 δε
1736 2959 1786 3004 in
1815 2959 1870 3004 iis
1893 2971 2007 3022 que

470 3018 639 3084 pulum
661 3051 677 3077 ,
715 3021 955 3082 regionem
1003 3027 1205 3071 Locren·
1269 3037 1384 3071 mox
1413 3023 1666 3086 sequuntur
1682 3055 1699 3080 ,
1717 3033 1856 3068 vacat
1877 3035 2006 3086 με·

468 3083 569 3132 seru
586 3101 601 3141 ;
619 3095 701 3131 aut
728 3082 960 3135 eradenda
990 3083 1058 3134 est
1086 3101 1208 3150 prae-
1266 3085 1440 3151 politio
1457 3085 1538 3136 ad.
1561 3089 1635 3134 sic
1654 3087 1798 3150 igitur
1818 3081 2010 3134 forma-

471 3145 645 3210 positio
663 3179 679 3205 ‚
706 3161 808 3211 quae
838 3150 970 3213 §ungi
992 3163 1091 3198 non
1114 3165 1206 3214 po-
1271 3165 1376 3200 mus
1405 3151 1530 3199 hanc
1559 3148 1807 3215 periodum
1838 3166 1852 3197 z
1889 3149 2014 3197 14ιῦ

470 3207 559 3260 rest
588 3225 697 3268 eum
726 3210 857 3262 urbis
883 3215 1093 3280 nomine.
1271 3214 1324 3266 u
1370 3214 1600 3280 ingenim
1643 3225 1822 3265 tumes
1861 3223 2005 3282 atque
2115 3269 2147 3300 ·
