2275 3842
394 195 547 246 22
868 167 1493 246 T.L1vtt

140 291 370 343 v.c.‹37.
394 274 451 332 C
476 266 724 352 aucliana
762 265 942 331 castra
978 268 1151 352 super
1192 266 1510 354 Sueffitlam
1540 300 1558 343 ·,
1592 265 1797 361 ibique
1840 265 1938 331 his

140 347 371 404 ²·0·²¹³·
395 350 577 413 berna
602 345 930 413 aedificavit.
968 351 1054 410 M.
1090 346 1350 412 Claudio
1416 348 1710 412 roconsuh
1743 348 1822 410 im
1904 381 1940 396 -

398 431 554 492 ravit
572 475 595 502 ,
622 445 694 491 ut
712 475 733 503 ‚
761 445 996 490 retento
1022 432 1081 490 N
1086 427 1192 491 olae
1217 449 1364 492 nece
1411 428 1535 491 ario
1555 426 1630 490 ad
1654 444 1796 492 tuen
1843 449 1937 490 am

402 507 613 573 urbem
640 508 897 590 praefidio
914 553 934 582 ,
959 525 1196 570 ceteros
1217 508 1436 571 milites
1460 508 1787 571 dimitteret
1817 510 1942 570 Ro-

402 610 560 652 mam
584 635 605 664 ‚
639 609 712 650 ne
750 587 918 659 o‘neri
957 585 1129 649 sociis
1151 633 1172 663 ‚
1206 591 1273 651 δε
1305 588 1565 672 fitmptui·
1599 587 1943 671 reipublicae

318 731 323 737 .
404 667 611 733 effent.
640 672 717 730 Et
739 669 833 730 Ti.
870 666 1184 730 Gracchus
1223 669 1255 730 Ξ
1289 668 1510 731 Cumis
1533 668 1841 730 Luceriam
1877 667 1942 729 in

402 749 686 834 Apuliam
714 746 981 830 legiones
1004 768 1195 831 quum
1217 743 1467 811 duxiffet
1481 791 1502 823 ,
1527 749 1611 812 M.
1635 746 1942 812 Valerium

395 829 545 894 >inde
596 846 903 922 ptaetotem
956 826 1388 905 Brundusium,
1425 847 1564 891 cum
1625 845 1702 891 eo
1759 847 1946 910 quem

406 914 670 973 Luceriae
720 908 1007 971 habuerat
1052 908 1322 972 exercitu
1355 955 1374 984 ,
1423 906 1573 970 mifit
1600 949 1622 982 ,
1662 907 1947 990 tuerique

409 1011 577 1051 oram
619 989 745 1072 agri
786 985 1089 1050 Sallentini
1122 1033 1144 1064 ,
1197 990 1265 1052 &·
1303 985 1618 1069 providete
1661 986 1827 1070 quod
1869 985 1948 1052 ad

410 1068 765 1154 Philippum
782 1067 1124 1150 bellumque
1152 1067 1608 1130 Macedonicum
1631 1066 1946 1142 attineret,

320 1193 326 1200 -
414 1148 592 1232 juffit.
640 1149 821 1211 Exitu
861 1147 1063 1210 aestatis
1102 1146 1268 1228 ejuS,
1298 1148 1420 1230 quil
1454 1146 1578 1210 haec
1615 1145 1772 1230 gesta
1815 1167 1948 1232 per-

216 1231 383 1296 urgere
422 1226 746 1314 scripsimus
765 1275 786 1303 ‚
817 1227 1025 1290 litterae
1048 1226 1081 1289 5
1113 1233 1182 1291 Ρ.
1209 1230 1272 1290 &
1299 1233 1416 1290 Cn.
1437 1225 1819 1308 Scipionibus
1845 1246 1953 1291 ve·

162 1287 396 1392 {2,{⁴¹'3⁹⁴'
422 1325 638 1374 nerunt
662 1353 683 1382 ‚
720 1324 969 1393 quantas
992 1353 1013 1381 ,
1050 1305 1350 1391 quamque
1381 1308 1681 1390 prosperas
1721 1307 1782 1370 in
1815 1307 1953 1368 His·

424 1388 594 1476 pania
638 1408 731 1452 res
820 1385 1084 1450 effiffent.
1136 1386 1233 1448 sed
1279 1387 1588 1471 pecuniam
1625 1385 1686 1448 in
1729 1385 1952 1469 stipen-

424 1470 635 1545 dium,
675 1488 749 1534 ve
800 1482 1017 1530 :menta
1060 1486 1138 1528 ue
1161 1509 1178 1539 ,
1219 1469 1284 1529 δε
1325 1466 1690 1529 frumentum
1726 1465 1952 1530 exerci-
2033 1530 2056 1536 ,

428 1550 558 1626 tui,
588 1551 649 1613 δε
688 1547 861 1612 sociis
893 1567 1041 1612 nava
1062 1545 1237 1622 ibus,
1261 1545 1460 1609 omnia
1499 1545 1707 1609 deesse.
1757 1545 1954 1687 (ffxod

426 1629 502 1694 ad
527 1626 875 1710 stipendium
899 1625 1148 1689 attineat
1164 1671 1184 1700 ‚
1214 1621 1257 1685 fi
1287 1625 1551 1690 aetarium
1573 1626 1744 1708 inops
1765 1645 1800 1688 e
1844 1639 1951 1701 erg

426 1713 485 1772 se
522 1707 780 1791 aliquam
816 1705 1107 1770 rationem
1140 1704 1396 1768 inituros
1446 1751 1467 1782 ,
1529 1704 1835 1790 quomodo
1878 1705 1958 1768 ab

426 1788 549 1854 His
578 1786 701 1850 anis
738 1788 983 1852 sumant.
1016 1803 1217 1850 cetera
1248 1786 1461 1870 utique
1497 1786 1571 1848 ab
1603 1789 1787 1850 Roma
1820 1786 1958 1848 mit·-

428 1887 533 1937 ten
576 1889 607 1931 a
630 1865 743 1930 ess'e
768 1889 783 1931 z
808 1886 920 1932 nec
947 1865 1114 1930 aliter
1129 1912 1152 1942 ,
1177 1882 1282 1929 aut
1305 1864 1636 1930 exetcitum
1649 1909 1671 1942 ,
1696 1883 1798 1928 aut
1822 1887 1958 1950 pro-

428 1947 685 2018 vinciam
716 1992 739 2024 ,
783 1961 807 1993 ¹
862 1945 1103 2012 retineri
1147 1943 1322 2031 posse.
1366 1945 1606 2008 Litteris
1649 1945 1912 2008 recitatis
1932 1991 1956 2020 ,

430 2049 609 2093 nemo
646 2026 912 2092 omnium
944 2045 1106 2102 erat,
1137 2025 1285 2112 quin
1310 2028 1375 2089 δε
1403 2045 1544 2090 vera
1567 2023 1740 2087 scribi
1766 2027 1828 2088 δε
1851 2047 1961 2108 po-

434 2108 633 2181 stulari
660 2128 822 2195 aequa
853 2106 1180 2176 fateretur:
1205 2105 1303 2168 sed
1330 2104 1684 2169 occurrebat
1707 2105 1914 2169 animis
1937 2153 1970 2182 ,

436 2207 695 2273 quantos
744 2189 1043 2250 exercitus
1090 2184 1386 2247 terrestres
1437 2184 1784 2268 navalesque
1828 2202 1972 2248 tue-

440 2287 646 2334 rentur
682 2316 699 2342 ,
735 2285 1075 2351 quantaque
1113 2285 1267 2327 nova
1304 2264 1488 2329 claffis
1524 2283 1664 2328 mox
1713 2264 1970 2346 paranda

214 2357 419 2425 Romfw·
442 2349 623 2424 estet,
647 2346 690 2412 fi
730 2346 953 2410 bellum
994 2343 1448 2407 Macedonicum
1484 2360 1843 2408 moveretur.
1881 2347 1970 2408 si·-

184 2431 279 2515 '232'
306 2428 397 2459 ‘¹¹⁰’
442 2431 639 2494 cilium
675 2429 747 2494 θ
784 2430 1127 2495 Sardiniam,
1157 2446 1278 2506 quae
1317 2443 1443 2486 ante
1473 2423 1681 2486 bellum
1712 2425 1970 2504 vectiga-
2007 2441 2031 2466 ἱ

184 2486 212 2531 ’
264 2508 279 2523 ’
443 2511 525 2573 les
548 2509 770 2591 fiaiffimt
790 2550 809 2577 ,
837 2511 939 2569 vix
1006 2506 1222 2584 roefides-
1240 2505 1662 2586 provinciarum
1699 2507 1976 2567 exercitus

438 2591 611 2653 alere.
642 2601 669 2630 ²
699 2589 905 2648 tributo
954 2602 1174 2667 temptas.
1188 2587 1556 2680 suppeditari.
1581 2586 1778 2644 veriam
1800 2604 1972 2665 quum

442 2671 621 2752 ipsum
680 2669 951 2730 tributum
1008 2666 1400 2745 conferentium
1457 2685 1742 2726 numerum
1795 2667 1974 2727 tantis

445 2751 779 2813 exercituum
796 2747 1088 2830 stragibus
1106 2787 1127 2816 ,
1158 2745 1230 2814 ὁ*
1261 2745 1334 2807 ad
1362 2745 1726 2830 Trqfimenum
1750 2741 1934 2808 lacum
1946 2786 1974 2816 a

514 2921 533 2954 1
582 2905 785 2954 Retinet-i
814 2903 969 2972 ροβε]
999 2903 1178 2954 Eodem
1240 2920 1332 2954 neo
1355 2939 1370 2963 ,
1400 2918 1536 2954 tueor
1553 2938 1572 2965 ,
1597 2905 1749 2954 servo.

447 2973 579 3022 sensu
594 3005 609 3030 ,
630 2969 707 3018 sed
726 2967 981 3032 elegantius
1000 2967 1179 3031 legetur
1304 2983 1332 3015 2
1361 2969 1542 3020 Tributo
1562 2977 1582 3031 ]
1609 2973 1652 3018 Α
1669 2969 1852 3020 civibus
1869 2967 1978 3016 col-

448 3036 659 3086 obu'neri.
696 3033 910 3082 Verbum
944 3034 1071 3079 enim
1106 3030 1183 3078 ob·
1218 3032 1381 3092 'lato,
1415 3049 1562 3097 quum
1595 3036 1696 3096 jam
1727 3031 1976 3093 ve&igalia

444 3102 565 3150 tineo
580 3131 596 3155 ,
614 3112 709 3146 non
733 3095 782 3144 id
802 3093 866 3145 est
906 3094 1036 3170 quod
1066 3096 1182 3144 Gal·
1245 3113 1312 3148 ex.
1330 3100 1586 3162 provinciis
1619 3091 1901 3146 defeciffent.

450 3161 542 3220 Hc&
565 3161 763 3216 dicimus
784 3158 955 3216 obtem
973 3191 993 3222 ,
1016 3157 1095 3210 sed
1115 3175 1184 3214 te·
