2275 3842
588 210 656 285 L
709 234 743 285 1
795 231 839 286 B
893 232 941 287 z
996 230 1046 287 n
1156 209 1433 290 XXII.
1641 218 1791 314 165

252 308 408 377 laevo
431 308 492 372 in
524 326 715 373 cornu
739 309 1016 375 adversus
1037 312 1377 377 ‘Romanum
1409 312 1743 396 equitatum
1766 340 1787 381 t
1815 342 1919 391 mc,
1936 346 2049 399 ηις

261 388 541 453 dextrum
589 409 779 455 cornu
833 390 1111 455 Numidis
1165 393 1471 477 equitibus
1522 394 1727 459 datum
1763 402 2043 473 3⁸·Cm6.

261 469 456 535 media
493 470 622 532 acie
660 469 966 555 peditibus
989 470 1215 535 firmata
1244 518 1265 549 ‚
1311 487 1332 517 1
1376 473 1459 535 ita
1497 490 1567 536 ut
1609 476 1789 539 Afro-

261 571 399 614 rum
435 566 687 634 utraque
721 570 944 615 cornua
980 549 1162 615 effent
1198 599 1217 627 ,
1267 551 1424 615 inter
1466 573 1790 621 onerentur

263 629 361 693 his
399 630 584 693 medii
625 628 782 691 Galli
817 648 994 715 atque
1035 631 1296 716 Hispani.
1350 636 1405 693 A
1436 653 1534 695 ros
1578 637 1793 699 Roma-

261 716 400 775 nam
426 726 632 792 magna
657 730 732 771 ex
753 728 914 792 parte
940 710 1211 774 crederes
1230 712 1417 775 aciem
1439 734 1454 775 t
1476 711 1559 775 ita
1584 715 1791 778 armati

264 807 433 853 erant
458 835 480 865 ‚
515 789 687 851 armis
719 792 780 852 δε
815 789 888 853 ad
925 790 1199 854 Trebiam
1226 837 1247 867 ‚
1287 791 1551 855 ceterum
1584 792 1793 877 magna

264 888 344 933 ex
382 887 545 953 parte
581 868 652 931 ad
688 868 1084 933 Trasimenum
1117 870 1325 952 captis,
1365 871 1551 935 Gallis
1590 875 1707 935 His
1736 897 1795 938 a·

215 1008 220 1014 .
266 950 475 1033 nisque
507 949 671 1014 scuta
705 949 964 1013 e'usdem
997 949 1197 1013 formae
1226 950 1353 1014 fere
1378 969 1547 1015 erant
1568 974 1585 1015 ε
1609 954 1667 1016 di
1694 976 1797 1037 pa-

267 1050 363 1094 res
408 1049 477 1093 ac
525 1028 732 1091 diffimi
757 1049 821 1091 es
863 1029 1042 1111 gladii
1080 1052 1095 1093 z
1136 1029 1324 1092 Gallis
1359 1030 1684 1113 praelongi,
1722 1054 1797 1097 ac

266 1108 386 1173 fine
404 1108 822 1175 mucronibus:
844 1110 1100 1194 Hispano
1122 1108 1387 1193 punstim
1412 1110 1597 1193 magis
1659 1112 1797 1177 uam

272 1189 457 1253 caesim
499 1187 721 1252 affueto
759 1207 959 1273 petere
999 1188 1225 1253 hostem
1248 1233 1268 1264 ,
1309 1189 1600 1253 brevitate
1682 1193 1801 1255 abi-

267 1268 394 1346 Ιεε,
425 1272 490 1332 δι
519 1290 656 1332 cum
681 1268 1083 1333 mucronibus.
1117 1274 1279 1331 Ante
1306 1288 1533 1343 ceteros
1558 1270 1801 1337 habitus

266 1349 540 1434 gentium
580 1348 790 1411 harum
828 1366 957 1412 tum
997 1348 1402 1432 magnitudine
1438 1370 1798 1434 corporum,

268 1448 401 1494 tum
434 1429 623 1514 specie
661 1427 941 1492 terribilis
982 1446 1125 1491 erat.
1166 1428 1327 1491 Galli
1359 1431 1529 1514 super
1564 1429 1803 1494 umbili-

270 1529 410 1575 cum
444 1526 612 1572 erant
648 1508 792 1571 nudi
816 1531 832 1571 ε
858 1508 1095 1592 Hispani
1118 1508 1317 1571 linteis
1343 1508 1637 1593 praetextis
1663 1533 1803 1593 pur-

311 1588 417 1655 ura
453 1588 714 1665 tunicis,
748 1587 1002 1653 candore
1035 1588 1187 1651 miro
1222 1587 1628 1681 fulgentibuS,
1653 1611 1802 1654 con-

319 1670 553 1735 iterant.
587 1674 886 1732 Numerus
908 1668 1175 1731 omnium
1201 1668 1469 1753 peditum
1487 1716 1509 1744 ‚
1536 1669 1641 1753 qui
1668 1688 1803 1735 tum

268 1748 558 1813 steterunt
601 1748 664 1809 in
711 1747 838 1810 acie
863 1793 886 1825 ,
923 1748 1175 1811 millium
1218 1747 1340 1811 fuit
1376 1749 1797 1835 quadraginta,

269 1828 481 1893 decem
609 1826 820 1890 uirum.
877 1830 1081 1891 Duces
1128 1827 1410 1890 cornibus
1458 1848 1738 1911 praeerant
1768 1878 1795 1913 ,

269 1908 492 1972 finistro
527 1914 581 1969 A
611 1907 860 1980 drubal‚
899 1906 1113 1969 dextro
1152 1906 1449 1970 Maharbal
1490 1930 1505 1971 ε
1547 1909 1799 1973 mediam

267 1990 461 2053 aciem
502 1986 756 2051 Annibal
782 1987 900 2070 ipse
927 2006 1065 2049 cum
1092 1983 1271 2047 fratre
1301 1994 1553 2068 Magone
1579 1989 1797 2054 tenuit.

272 2082 303 2115 ²
345 2069 450 2132 Sol
471 2112 490 2142 ,
517 2070 615 2132 seu
642 2066 716 2129 de
755 2065 1030 2130 industria
1069 2064 1151 2127 ita
1186 2064 1433 2141 locatis,
1462 2065 1559 2130 seu
1578 2112 1600 2143 ,
1628 2066 1801 2152 quod

269 2148 432 2213 forte
475 2148 557 2211 ita
600 2146 853 2223 starent,
880 2144 1323 2231 peropportune
1364 2145 1605 2228 utrique
1643 2150 1801 2231 parti

271 2228 560 2312 obliquus
577 2244 734 2299 erat,
758 2226 1036 2290 Romanis
1053 2226 1110 2286 in
1135 2224 1441 2287 meridiem
1458 2270 1478 2298 ‚
1501 2227 1711 2289 Poenis
1734 2228 1805 2301 in

271 2308 730 2393 septentrionem
768 2304 966 2371 versis,
1001 2322 1219 2369 ventus
1247 2348 1269 2380 ,
1304 2302 1669 2369 Vulturnum
1706 2306 1801 2368 in-

273 2388 418 2452 colae
451 2409 510 2451 re
550 2386 704 2449 ‘onis
733 2403 952 2462 vocant
972 2432 990 2460 ,
1025 2384 1300 2448 adversus
1323 2384 1598 2447 Romanis
1621 2397 1805 2449 conr-⁸

273 2484 374 2533 tus
392 2515 411 2546 ‚
434 2490 534 2531 mu
561 2484 625 2529 to
657 2464 901 2550 pulvere
935 2466 996 2529 in
1029 2465 1151 2548 ipsa
1186 2486 1290 2529 ora
1323 2463 1626 2553 volvendo
1660 2470 1801 2550 pro-⁴

272 2548 534 2633 spestum
574 2546 814 2610 ademit.
1614 2586 1619 2591 -

353 2630 593 2690 XLVII.
628 2624 908 2689 Clamore
934 2623 1163 2689 sublato
1184 2669 1205 2699 ‚
1232 2623 1579 2709 procursum
1602 2621 1675 2685 ab
1697 2642 1801 2686 au·-
1858 2638 2051 2685 prae-2·

271 2708 434 2773 xiliis
451 2755 469 2783 ,
494 2711 555 2771 δε
580 2724 774 2791 pugna
798 2703 1030 2767 levibus
1093 2704 1304 2768 timum
1328 2703 1500 2767 armis
1526 2704 1796 2765 commis·
1816 2695 1891 2797 ἔξ,
1910 2698 2028 2742 ⁶⁴·-

273 2789 332 2852 sa
353 2808 370 2853 2
391 2786 606 2852 deinde
638 2788 916 2871 equitum
948 2787 1040 2848 Ga
1065 2783 1258 2847 lorum
1282 2785 1798 2868 Hispanorumque
1893 2785 1912 2803 ⁶

339 2962 361 2997 ι
397 2950 478 2997 Ira
499 2960 554 2997 ut
568 2947 790 3015 Afrorum
811 2956 998 3014 utraque
1063 2944 1476 3011 Hispanorumque
1504 2942 1735 3009 peditum.

269 3028 432 3063 cornua
455 3010 623 3078 efflent]
648 3018 720 3061 Ita
736 3027 788 3061 ut
803 3026 998 3075 utraque
1130 3025 1158 3056 2
1181 3007 1260 3059 Sol
1274 3046 1287 3060 .
1306 3044 1319 3059 .
1344 3009 1523 3073 utrique
1536 3008 1661 3076 parti
1678 3006 1799 3057 ‹ib-'a'-

267 3091 450 3134 cornua
471 3076 636 3125 medie
655 3078 771 3126 aciei
790 3072 999 3139 Afri-pe·
1064 3089 1181 3143 quus
1226 3080 1363 3135 erat]
1413 3071 1497 3121 So}
1546 3073 1757 3121 exoriens
1780 3090 1796 3121 ε

269 3141 390 3189 dites
457 3155 667 3191 tenerent
696 3175 712 3200 ‚
765 3142 842 3189 cin
875 3152 1000 3187 entes
1065 3135 1198 3202 quod
1225 3135 1395 3189 diserte
1419 3135 1625 3202 expreffit
1656 3138 1801 3201 Poly-

261 3205 381 3256 hinc
397 3206 448 3255 &
463 3206 572 3257 inde
591 3205 738 3256 latera
750 3204 841 3255 Gal
861 3214 1004 3253 orum
1069 3201 1193 3251 biua.
