2275 3842
514 199 671 300 ”308
996 195 1095 277 T.
1189 195 1250 275 1.
1302 221 1331 276 1
1375 221 1428 277 v
1478 219 1510 276 1
1566 219 1598 276 1
1675 265 1678 267 a

262 303 499 373 uana.
520 313 687 380 perat
706 297 741 372 ,“
771 295 1028 360 reddidit
1058 296 1211 360 hosti
1246 295 1474 360 cladem
1503 323 1522 372 3
1557 313 1738 380 atque
1770 293 1834 357 in
1871 299 2074 359 Brut-³

265 375 641 440 ⁸·0·21⁴·tios
678 377 891 460 raptim
912 423 931 453 ‚
968 397 1044 440 ne
1081 375 1396 440 Gracchus
1427 374 1861 459 affequeretur,
1902 395 2068 438 eom»

520 455 704 518 ceffit.
744 455 1035 520 Consules
1057 501 1078 530 ,
1112 455 1430 519 Marcellus
1456 467 1620 518 retro
1637 501 1659 529 ,
1681 452 1842 519 unde
1870 475 2064 518 vene·

514 553 650 610 rat,
675 535 891 614 Nolam
926 535 1123 615 redit;
1150 535 1356 598 Fabius
1390 535 1452 596 in
1493 534 1795 598 Samnium
1833 533 1908 596 ad
1944 553 2068 617 po-

518 612 808 700 pulandos
834 633 1022 698 ⁴agros
1058 659 1079 690 ‚
1121 613 1496 697 recipiendas
1525 635 1604 678 ue
1650 614 1826 676 armis
1850 659 1872 688 ,
1918 633 2065 697 quae

516 691 901 772 defecerant,
934 695 1113 758 urbes
1147 693 1439 778 proceffit.
1537 693 1794 757 audinus
1824 695 2067 756 Samnis

514 771 755 857 gravius
794 773 1127 840 devastatus
1159 802 1180 850 3
1217 772 1433 858 perusti
1469 771 1588 838 late
1624 794 1656 834 a
1701 772 1750 836 ri
1781 819 1803 848 ‚
1847 771 2062 855 praedoe

514 852 817 938 pecudum
842 853 1276 936 hominumque
1307 852 1465 916 aclae.
1496 852 1638 936 oppi
1681 874 1714 914 a
1741 851 1804 915 vi
1835 869 2058 934 capta,

514 931 931 997 Combulteria
948 979 969 1010 ‚
990 931 1212 996 Telefia
1232 961 1257 1008 ς
1287 933 1545 1024 Compsa
1571 973 1592 1008 ,
1624 930 1828 1008 Melae,
1849 930 2060 996 Fulfu-
2157 992 2182 1004 ,

512 1009 585 1076 1ae
604 1058 625 1087 ,
652 1015 714 1078 δε
740 1011 1163 1076 Orbitanium:
1186 1033 1261 1076 ex
1291 1015 1542 1076 Lucanis
1575 1009 1807 1074 Blandae
1831 1031 1847 1073 z
1871 1014 2066 1094 Apu-

383 1100 401 1115 ·
513 1089 717 1154 lorum
743 1105 766 1138 1
798 1086 953 1158 AEcae
976 1107 1346 1183 oppugnatae'.
1378 1090 1570 1156 Millia
1591 1090 1850 1156 hostium
1869 1091 1930 1152 in
1957 1090 2064 1154 his

517 1170 769 1235 urbibus
802 1172 1017 1254 viginti
1047 1191 1318 1256 qumque
1356 1191 1424 1234 ca
1465 1188 1527 1234 ta
1550 1217 1572 1246 ,
1604 1187 1714 1234 aut
1735 1171 1929 1234 occisa
1951 1192 1968 1234 ε
1989 1173 2062 1234 δε

310 1265 501 1336 ,ιᾳῇιμ
520 1251 746 1334 recepti
796 1251 1059 1336 perfugae
1112 1250 1368 1316 trecenti
1439 1250 1781 1336 eptuaginta
1824 1283 1842 1325 ς
1896 1271 2060 1332 quos

264 1322 503 1434 3⁸37&
520 1351 709 1414 quum
733 1333 981 1399 Romam
1002 1329 1233 1394 mififfet
1257 1330 1496 1404 consul,
1509 1329 1692 1412 virgis
1715 1327 1779 1392 in
1796 1329 2058 1396 comitio

266 1395 500 1494 apia-‘1⁸⁰
518 1407 641 1473 caefi
672 1431 879 1479 omnes
900 1458 919 1488 ‚
954 1429 1024 1475 ac
1053 1409 1129 1472 de
1166 1411 1302 1474 saxo
1329 1407 1559 1491 dejecti.
1596 1413 1738 1485 Haec
1765 1410 1802 1472 ὲ
1829 1411 1918 1488 Q.
1948 1415 2056 1474 Fa-

513 1489 621 1554 bio
658 1489 813 1554 intra
839 1509 1064 1574 paucos
1088 1489 1218 1553 dies
1247 1487 1422 1572 gesta.
1467 1487 1814 1552 Marcellum
1837 1489 1912 1550 ab
1937 1507 2058 1574 ge-

514 1569 723 1636 rundis
756 1570 935 1634 rebus
964 1567 1248 1634 valetudo
1270 1568 1517 1632 'adversa
1541 1567 1714 1632 Nolae
1735 1569 1942 1636 tenuit.
1977 1573 2058 1634 Et

514 1650 553 1714 ὲ
586 1665 831 1733 praetore
870 1651 958 1729 Q.
990 1646 1170 1710 Fabio
1193 1693 1214 1725 ,
1247 1648 1348 1735 eui
1375 1647 1534 1712 &ca
1571 1648 1879 1714 Luceriam
1911 1670 2056 1733 pro-

482 1735 484 1737 ’
517 1727 717 1792 vincia
757 1745 883 1793 etat
908 1771 931 1802 ,
970 1730 1182 1792 Accua
1209 1726 1498 1813 oppidum
1533 1744 1640 1812 per
1673 1747 1779 1791 eos
1821 1727 1949 1792 dies
1987 1730 2056 1795 vi

518 1825 760 1892 captum
789 1805 1159 1890 :stativaque
1194 1798 1270 1872 ad
1311 1804 1619 1872 Ardoneas
1661 1808 2052 1876 communita.

511 1891 679 1952 Dum
699 1886 823 1950 haec
848 1886 979 1951 aliis
998 1886 1153 1953 loeis
1171 1886 1246 1950 ab
1271 1887 1549 1951 Romanis
1568 1905 1858 1972 geruntur
1877 1933 1900 1964 ,
1929 1887 2051 1980 jam

512 1969 839 2031 Tarentum
880 1983 1228 2052 pervenerat
1271 1965 1526 2030 Annibal
1549 2014 1571 2043 ,
1609 1987 1750 2032 cum
1794 1987 2052 2034 maxima

423 2081 428 2086 ,
512 2047 784 2110 omnium
807 2094 827 2122 ,
854 2066 1216 2133 quacunque
1245 2045 1393 2110 ierat
1410 2092 1430 2120 ,
1457 2045 1646 2110 clade.
1679 2051 1748 2110 In
1776 2049 1830 2110 T
1829 2049 2050 2113 arenti-

510 2146 593 2190 no
618 2126 864 2191 demum
894 2145 1037 2212 agro
1062 2144 1336 2209 pacatum
1361 2125 1635 2190 incedere
1659 2141 1868 2210 agmen
1903 2147 2047 2192 coe-

512 2206 621 2290 pit.
651 2205 805 2269 nihil
827 2204 911 2268 ibi
945 2205 1271 2282 violatum,
1302 2225 1498 2288 neque
1535 2207 1781 2291 usquam
1809 2206 1910 2272 via
1940 2227 2048 2272 ex-

514 2284 735 2350 ceffum
764 2285 847 2350 est
870 2306 887 2348 :
912 2283 1348 2370 apparebatque
1381 2304 1504 2360 non
1527 2284 1590 2349 id
1614 2283 1897 2350 modestia
1925 2291 2047 2352 mi-

269 2359 501 2408 Y⁴m⁸¹⁶¹⁸
517 2365 693 2430 litum
718 2383 819 2430 aut
846 2363 1021 2429 ducis
1041 2409 1063 2442 ‚
1102 2361 1208 2428 nist
1227 2363 1304 2428 ad
1331 2363 1736 2430 conciliandos
1764 2368 2044 2432 Tarenti-

261 2417 506 2528 Ῑιὶῗῇεξζ
521 2463 734 2510 norum
758 2442 984 2510 animos
1008 2490 1030 2523 ,
1058 2443 1208 2507 fieri.
1239 2444 1530 2510 Ceterum
1558 2458 1588 2492 ²
1614 2465 1802 2529 quum
1831 2468 2044 2532 prope-
2089 2484 2096 2492 ·

264 2531 358 2580 m.
520 2525 703 2589 modo
732 2524 916 2589 muris
950 2521 1262 2588 acceffiffet
1289 2569 1310 2600 ‚
1351 2525 1518 2588 nullo
1552 2524 1630 2590 ad
1662 2526 2041 2611 conspeetum

515 2604 693 2689 primi
722 2603 969 2688 agminis
988 2649 1011 2680 ,
1037 2620 1106 2667 ut
1145 2603 1384 2668 rebatur
1400 2650 1424 2684 ‚
1446 2620 1616 2670 motu
1643 2603 1835 2683 facio,
1860 2605 2044 2674 castra

510 2683 590 2749 ab
613 2683 761 2748 urbe
784 2681 970 2746 ferme
1005 2679 1194 2769 paffus
1229 2682 1393 2749 mille
1429 2683 1605 2749 locat.
1640 2684 1916 2762 Tarenti,
1937 2687 2041 2751 tri-

514 2763 643 2827 duo
675 2781 988 2848 antequam
1025 2759 1288 2828 Annibal
1321 2763 1394 2827 ad
1427 2764 1651 2828 moenia
1691 2764 2040 2848 accederet,

516 2843 554 2906 ὲ
596 2847 681 2908 Μ.
712 2842 952 2906 Valerio
984 2861 1344 2929 propraetore
1361 2890 1382 2921 ,
1409 2845 1516 2928 qui
1549 2843 1704 2913 claffi
1741 2844 1816 2909 ad
1849 2849 2043 2911 Brun.

584 2997 605 3032 1
632 2987 779 3035 νεα
798 2995 853 3097 pp
906 2992 1100 3050 gnata]
1128 2989 1248 3036 Non
1307 3003 1408 3037 acce
1487 2997 1572 3052 ee]
1626 2988 1834 3040 Placeret
1885 2990 2040 3055 magis

512 3050 695 3114 impetu
733 3085 750 3110 ,
929 3050 1248 3116 oppugnando
1305 3049 1731 3130 succe-ffeezcujus
1764 3053 1900 3102 verbi
1932 3070 2040 3132 ma·-

508 3127 799 3245 ωξῑῖἑζκω
822 3175 1085 3250 propende
1106 3179 1250 3238 mis
1307 3118 1478 3244 ja‘dlditlg
1493 3116 1804 3250 {fvi-ogda?
1821 3117 2044 3174 moulan
