2275 3842
635 177 887 258 [1-12
937 199 986 256 Ε
1031 191 1090 258 'n
1181 179 1445 260 XXV.
1700 205 1803 281 77

262 281 326 346 in
359 297 555 344 arcem
587 279 888 344 Romanos
915 279 990 343 ad
1013 299 1252 342 ornnem
1282 278 1611 344 adeundam
1654 283 1800 345 unul
1828 295 2053 361 υ,ι.ς4ι.·

262 360 566 425 fortunam
601 361 902 444 prosecuti
945 357 1202 424 fuerant·
1250 359 1345 422 lbi
1389 360 1647 424 Annibal
1687 354 2110 425 be-‘2‘0·²¹²·²'

265 440 446 524 nigne
484 441 782 505 allocutus
817 440 1171 504 Tarentinos
1206 484 1229 515 ,
1277 439 1635 524 testatusque
1670 463 1807 524 quae

267 519 609 606 praestitiffet
645 520 878 584 civibus
919 539 1171 595 eorum3
1210 539 1367 602 quos
1394 520 1480 584 *ad
1522 521 1805 586 Trasime-

267 622 414 664 num
439 617 544 664 aut
569 599 644 663 ad
671 605 905 664 Cannas
934 599 1209 683 cepiffet,
1240 599 1405 663 simul
1438 601 1497 662 in
1534 600 1803 664 domina-

270 680 499 744 tionem
519 680 845 763 -superbam
883 683 1283 758 Romanorum
1314 680 1583 744 invectus
1604 727 1625 758 ,
1652 683 1809 744 reci-

273 779 415 844 pere
453 762 510 823 se
547 759 608 821 in
651 760 860 823 domos
891 761 1022 822 suas
1057 779 1359 846 quemque
1388 759 1584 840 justit,
1626 765 1687 824 δε
1714 761 1809 826 fo-

269 840 437 906 ribus
470 860 688 908 nomen
728 841 900 903 suum
935 839 1255 902 inscribere
1294 865 1309 900 ι
1358 841 1422 902 se
1456 839 1667 903 domos
1706 861 1809 906 eas
1884 890 1890 896 .

276 941 406 1004 quae
443 919 728 1013 inscriptae
760 939 880 982 non
918 917 1136 1011 effent,
1164 916 1332 1012 {igno
1365 920 1663 1014 externplo
1695 922 1807 1014 ‘dq-

275 1017 387 1076 to,
425 1001 600 1085 diripi
623 997 943 1080 jussurum.
989 1001 1050 1060 Si
1087 1018 1223 1083 quis
1255 1019 1319 1062 m
1352 999 1615 1084 hospitio
1654 1019 1807 1065 civis

174 1117 182 1121 -
268 1082 521 1144 Romani
571 1082 660 1159 (4
701 1099 918 1144 vacuas
963 1096 1169 1142 autem
1210 1077 1491 1141 tenebant
1538 1079 1805 1160 domos)

271 1179 489 1224 nomen
527 1158 890 1242 inscripfiffet
910 1203 930 1233 ,
955 1179 1093 1233 eum
1129 1160 1187 1221 se
1221 1180 1332 1242 pro
1362 1157 1527 1221 hoste
1565 1159 1806 1224 habitu-

269 1261 423 1304 rum.
463 1241 778 1302 Concione
809 1237 1042 1301 dimissa
1069 1285 1092 1314 ,
1133 1259 1321 1321 quum
1358 1238 1555 1301 titulis
1590 1256 1807 1304 notatae

271 1320 434 1384 fores
475 1312 784 1384 discrimen
819 1335 1035 1404 pacatae
1069 1317 1143 1380 ab
1182 1317 1378 1382 hostili
1408 1317 1590 1381 domo
1626 1319 1804 1383 fecis-

272 1401 401 1462 sent
431 1446 452 1475 ,
487 1400 648 1482 figno
691 1399 831 1469 dato
855 1445 876 1474 ,
925 1398 998 1460 ad
1031 1396 1359 1480 diripienda
1395 1397 1649 1481 hospitia
1687 1405 1809 1463 Ro-

274 1501 445 1547 mana
481 1481 679 1566 paffim
713 1478 1042 1544 'discursum
1074 1475 1197 1541 est:
1226 1481 1288 1542 δε
1314 1476 1432 1540 fuit
1468 1477 1666 1562 praedae
1701 1478 1807 1554 alif-

318 1577 581 1626 uantum.
1812 1572 1821 1580 '

272 1584 314 1646 q
347 1647 460 1704 XI.
516 1640 756 1704 Postero
802 1639 898 1702 die
929 1688 944 1714 ,
986 1639 1060 1702 ad
1109 1637 1817 1732 oppugnandam-arcem.

269 1721 475 1785 ducit:
499 1729 520 1764 ¹
553 1743 732 1804 quam
759 1741 946 1802 quum
972 1724 1247 1793 &·mar1‚
1328 1742 1405 1782 uo
1435 1721 1493 1782 in
1522 1720 1813 1803 peninsu-'

268 1801 338 1862 1ae
379 1799 625 1864 modum
664 1820 796 1883 pars
841 1800 1028 1879 major
1062 1800 1229 1862 circu
1316 1801 1478 1862 uitur
1498 1845 1517 1873 ,
1552 1787 1806 1883 praeafris

257 1879 520 1963 'rupibus
543 1926 563 1955 ,
595 1883 656 1941 δε
680 1878 763 1942 ab·
777 1877 895 1961 ipsa
921 1877 1070 1941 urbe
1101 1899 1281 1942 muro
1306 1881 1371 1941 δε
1392 1877 1548 1942 fossa
1573 1879 1801 1962 ingenti

269 1957 491 2043 septam
526 1957 798 2042 videret,
841 1977 1039 2040 eoque
1077 1978 1188 2020 nec
1226 1958 1286 2020 vi
1310 2004 1331 2031 ,
1370 1978 1480 2020 nec
1520 1961 1808 2060 ogeribus

269 2038 726 2122 expugnabilem
738 2036 853 2103 esse
878 2059 898 2110 3
927 2056 1003 2100 ne
1020 2054 1122 2100 aut
1150 2037 1395 2120 seipsum
1406 2084 1426 2113 ,
1455 2057 1597 2100 cura
1621 2056 1805 2104 tuen-

268 2119 334 2184 di
372 2118 759 2194 TarentinOS,
785 2117 818 2180 a
857 2116 1177 2196 majoribus
1212 2115 1801 2196 rebusmoraretur,
1898 2141 1904 2157 ¹

267 2216 374 2264 aut
410 2200 468 2262 in
504 2197 740 2263 relictos
771 2195 886 2260 fine
909 2194 1118 2261 ‘valido
1156 2195 1416 2281 ptaefidio
1448 2199 1805 2264 Tarentinos
1886 2241 1894 2249 ,

267 2279 559 2364 impetum
598 2299 672 2342 ex
701 2297 838 2342 arce
859 2325 879 2354 ,
919 2296 1108 2362 quum
1140 2277 1401 2353 vellent,
1424 2279 1679 2341 ‘Romani
1713 2278 1809 2343 faa·
1848 2303 1855 2308 ·

272 2378 478 2423 cer-ent
501 2404 520 2434 ,
563 2357 720 2423 vallo
763 2358 974 2422 urbem
1020 2358 1092 2419 ab
1137 2377 1272 2420 arce
1317 2357 1659 2443 intersepire
1696 2359 1811 2422 sta·
1904 2371 1911 2376 ’

270 2441 431 2510 tuit:
458 2459 580 2502 non
616 2438 732 2501 fine
767 2438 866 2500 illa
900 2438 1083 2500 etiam
1122 2437 1221 2520 spe
1253 2443 1274 2514 ',
1308 2458 1447 2501 cum
1478 2438 1809 2522 prohiben-

272 2520 437 2583 tibus
462 2538 613 2602 opus
637 2517 914 2580 Romanis
949 2536 1187 2580 manum
1218 2515 1377 2602 poffe
1400 2518 1669 2595 conseri3
1698 2523 1759 2584 δε
1776 2566 1801 2596 ,

266 2599 318 2663 fi
359 2598 620 2662 ferocius
663 2596 1163 2681 procucurrissent
1201 2644 1222 2674 ‚
1268 2619 1358 2660 ma
1402 2619 1474 2661 na
1520 2599 1675 2662 caede
1716 2602 1804 2665 ita

223 2707 230 2712 ·
270 2676 844 2762 attenuari-praefidii
880 2675 1038 2742 vires
1076 2724 1096 2754 ,
1146 2695 1213 2741 ut
1248 2678 1364 2742 faci
1391 2679 1423 2741 ὲ
1454 2698 1559 2764 per
1600 2680 1656 2742 se
1700 2679 1812 2766 ipff

301 2916 303 2918 q
331 2875 367 2916 4
401 2859 588 2906 για-ηας
613 2867 762 2904 autem
787 2855 1001 2909 tenebant
1062 2860 1181 2921 Lege
1206 2860 1270 2910 (φ
1291 2855 1323 2903 ἆ
1346 2856 1481 2906 mari.
1521 2857 1803 2924 Intelligen-

267 2919 466 2982 ἄοικος]
507 2926 690 2968 Vacuas
719 2919 871 2970 domos
901 2956 917 2982 ,
947 2919 998 2969 id
1062 2920 1176 2970 dum
1198 2919 1260 2969 est
1280 2953 1294 2977 ,
1322 2937 1479 2970 arcem
1506 2923 1569 2971 ab
1589 2939 1645 2972 ea
1666 2939 1819 2988 parte·

267 2982 365 3042 est,
385 2984 600 3046 proprias
615 3017 631 3041 ,
650 2986 702 3030 in
719 2985 887 3047 quibus
909 2986 995 3034 sol·
1062 2985 1155 3049 quii
1179 2987 1302 3034 mari
1326 2985 1594 3036 assuebatur
1616 3023 1631 3046 ,
1664 2989 1799 3052 rupi-

266 3049 541 3098 habitatent
577 3079 593 3101 ‚
642 3061 741 3094 non
792 3053 940 3110 permi
1062 3050 1149 3098 bus
1172 3052 1351 3114 septam
1372 3046 1507 3100 fuisse
1525 3071 1541 3113 3
1561 3052 1623 3100 ab
1646 3053 1795 3113 urbe,

265 3125 380 3162 cum
397 3111 660 3159 Tarentinis
677 3111 872 3158 civibus.
1063 3129 1205 3164 muro
1226 3116 1276 3162 δε
1298 3113 1444 3163 fossa.

332 3185 353 3222 1
393 3172 558 3244 Quam
587 3185 725 3241 quum
755 3179 820 3232 Φ·
841 3174 960 3224 thari.
976 3181 1004 3237 1
1122 3184 1127 3188 ’
1381 3191 1384 3198 ·
