2275 3842
471 228 578 296 '20
937 217 1027 295 T.
1125 219 1213 294 L.
1248 244 1281 292 1
1332 241 1389 295 v
1434 244 1469 294 1
1520 227 1556 293 π’
1974 283 1982 290 .

227 332 455 386 uem.
477 333 658 401 gnant
684 337 700 379 ε
729 316 828 380 sed
862 317 1144 382 interiora
1177 317 1439 393 tuendo,
1464 317 1753 390 minorem
1787 314 1846 378 in
1879 315 2015 380 die!

223 389 459 438 ⁸·c·²¹⁸·
481 397 689 461 urbem
719 397 1028 482 Saguntini
1059 397 1303 462 faciunt.
1354 397 1539 460 Simul
1572 395 1782 460 crescit
1810 394 2008 478 inopia

481 479 749 542 omnium
769 521 790 552 ‚
817 477 993 560 longa
1028 474 1331 540 obsidione
1352 504 1373 552 3
1398 480 1460 539 &
1494 475 1781 540 minuitur
1804 476 2011 560 exspe-

483 555 666 620 &atio
700 573 950 620 externae
978 557 1110 643 opis
1133 601 1155 630 ‚
1225 577 1370 619 uum
1402 573 1523 618 tam
1552 553 1765 640 procul
1798 557 2013 616 Roma·

433 661 444 668 ·
483 637 547 700 ni
583 684 602 712 ,
645 638 822 700 unica
858 638 983 720 spes
1016 683 1038 714 ,
1079 579 1241 699 ciret&
1276 636 1475 698 omnia
1509 635 1765 700 hostium
1789 633 2015 698 essent.

483 715 784 802 Paulisper
820 733 1016 790 tamen
1056 715 1294 778 affectos
1328 719 1555 777 animos
1593 714 1881 778 recreavit
1921 732 2018 776 re-

482 795 720 880 pentina
759 795 1054 879 profectio
1085 794 1394 857 Annibalis
1428 794 1488 856 in
1526 798 1827 856 Oretanos
1858 796 2010 855 Car-

482 875 880 959 petanosques:
912 875 1017 957 qui
1047 873 1175 938 duo
1200 874 1409 966 populi
1436 873 1698 936 delefflis
1726 871 2015 936 acerbita-

425 968 436 973 ·
483 968 547 1014 te
579 965 620 1005 ³*
642 953 995 1017 consternati
1019 1001 1037 1029 ,
1073 970 1319 1016 retentis
1359 951 1856 1046 conquisitoribus
1888 969 2016 1014 me·

483 1044 613 1096 tum
663 1031 1017 1096 defectionis
1066 1053 1255 1116 quum
1306 1029 1671 1114 praebuiffent
1700 1079 1721 1109 ,
1763 1030 2011 1116 oppreffi

485 1109 787 1174 celeritate
817 1111 1126 1176 Annibalis
1144 1159 1164 1186 ,
1195 1111 1518 1174 omiserunt
1539 1129 1700 1174 mota
1726 1132 1904 1172 arma.

562 1195 698 1256 XII.
738 1197 871 1253 Nec
907 1192 1155 1273 Sagunti
1188 1213 1267 1274 op
1309 1191 1555 1274 ugnatio
1587 1191 1817 1273 segnior
1846 1205 2011 1266 erat,·
2061 1261 2065 1266 ⁴

479 1269 822 1334 Haharbale
841 1315 862 1344 ‚
890 1270 1245 1333 Himilconis
1268 1213 1395 1333 guo
1418 1315 1437 1345 ‚
1466 1289 1647 1354 quem
1672 1269 2015 1353 praefecerat

477 1347 780 1423 Annibal,
817 1348 898 1412 ita
936 1349 1187 1432 impigre
1224 1368 1352 1412 rem
1385 1367 1639 1432 agente,
1675 1366 1744 1412 ut
1793 1349 2010 1411 ducem

479 1425 667 1490 abefl'e
698 1447 809 1490 nec
833 1427 995 1490 cives
1013 1448 1124 1490 nec
1145 1428 1341 1491 hostes
1358 1429 1655 1491 sentirent.
1689 1432 1751 1490 Is
1777 1431 1838 1490 δε
1864 1449 2005 1520 prae-

477 1505 558 1568 lia
593 1507 822 1590 aliquot
859 1506 1111 1571 secunda
1148 1507 1297 1571 fecit
1332 1553 1353 1581 ‚
1394 1512 1459 1571 δε
1502 1507 1695 1570 tribus
1727 1505 2011 1570 arietibus

451 1595 503 1667 ⁸¹
551 1585 915 1670 aliquantum
957 1587 1109 1650 muri
1155 1586 1447 1662 discuffit,
1476 1587 1767 1680 strataque
1812 1586 2010 1650 omnia

469 1663 812 1730 recentibus
841 1665 1025 1728 ruinis
1051 1665 1385 1728 advenienti
1416 1666 1693 1729 Annibali
1724 1663 2032 1730 ostendite

474 1746 691 1828 Itaque
729 1743 803 1808 ad
837 1747 1022 1831 ipsam
1049 1764 1246 1808 arcem
1274 1744 1573 1829 extemplo
1602 1745 1816 1810 dustus
1838 1765 2011 1809 exer-

383 1870 398 1878 =
475 1822 636 1886 citus
655 1870 675 1897 ‚
697 1841 988 1916 atroxque
1007 1825 1275 1909 praelium
1289 1844 1429 1888 cum
1451 1825 1775 1889 multorum
1794 1827 2011 1910 uti-ign-

255 1927 353 1971 »ιε
363 1923 456 1979 fta.
477 1921 598 1988 que
637 1903 792 1970 caede
821 1906 1035 1968 initum
1059 1949 1078 1978 ‚
1103 1907 1168 1968 δε
1187 1925 1318 1987 pars
1340 1907 1501 1969 arcis
1519 1922 1688 1989 capta
1711 1903 1815 1968 est.
1852 1907 2011 1967 Ten-

118 2025 123 2035 ·
219 1979 308 2035 3¹²
319 1993 454 2028 um-
479 1999 600 2046 tata
624 1982 837 2046 deinde
860 2003 966 2070 per
988 1982 1142 2049 duos
1164 1984 1248 2048 est
1274 1985 1368 2048 exi
1456 2007 1486 2047 a
1517 1986 1677 2070 pacis
1699 1985 1825 2076 spes
1843 2027 1863 2058 ,
1902 1983 2013 2046 Al-

221 2048 292 2090 “·
477 2083 692 2126 eonem
737 2063 1127 2155 Saguntinum
1159 2110 1181 2140 ‚
1226 2068 1287 2127 δι
1336 2069 1391 2125 Α
1416 2085 1624 2127 orcum
1664 2066 2007 2148 Hispanum.

475 2141 674 2204 Alcon
699 2142 894 2206 insciis
922 2143 1298 2225 Saguntinis,
1321 2144 1597 2228 precibus
1630 2143 1860 2228 aliquid
1878 2165 2009 2206 mo·

470 2237 677 2284 turum
703 2239 865 2285 ratus
883 2266 902 2296 ,
933 2243 1120 2307 quum
1142 2221 1215 2284 ad
1233 2222 1585 2286 Annibalem
1608 2227 1792 2285 noctu
1820 2222 2004 2284 trans-

474 2297 606 2362 iffet
632 2348 651 2377 ‚
691 2301 996 2384 postquam
1011 2301 1159 2364 nihil
1178 2301 1443 2394 lacrymae
1462 2302 1783 2365 movebant
1804 2346 1823 2375 ,
1858 2320 2007 2366 con-

474 2379 848 2466 ditionesque
884 2380 1071 2442 tristes
1094 2398 1165 2442 ut
1188 2380 1261 2442 ab
1290 2398 1441 2443 irato
1478 2380 1705 2461 victore
1738 2376 2009 2456 ferebanff

471 2478 575 2523 tur
593 2506 614 2534 ,
649 2459 950 2552 transfuga
973 2479 1048 2522 ex
1077 2478 1311 2523 oratore
1344 2459 1531 2524 fastus
1550 2508 1571 2537 ‚
1595 2461 1751 2547 apud
1775 2460 2005 2529 hostem

465 2537 678 2617 gnanfit
703 2565 722 2614 3
749 2558 1106 2603 moriturum
1144 2540 1471 2616 affirmans,
1504 2539 1612 2624 qui
1652 2540 1760 2606 sub
1792 2539 2006 2604 condi-

467 2615 736 2680 tionibus
775 2617 868 2678 his
903 2616 978 2678 de
1016 2638 1163 2703 pace
1202 2637 1425 2701 ageret.
1462 2619 1871 2686 Postulabatur
1899 2641 2009 2684 au-

466 2711 591 2758 tem
624 2741 647 2770 ,
692 2693 1005 2760 redderent
1053 2715 1148 2760 res
1200 2699 1556 2763 Turdetanis
1578 2722 1610 2762 »ε
1656 2699 1999 2782 traditoque

466 2775 630 2838 omni
680 2796 825 2839 auro
875 2793 1057 2860 atque
1097 2794 1342 2858 argento
1364 2823 1385 2850 ,
1414 2778 1617 2861 egreffi
1660 2777 1810 2844 urbe
1854 2797 1997 2840 cum

466 2849 705 2938 lingulis
730 2855 1094 2919 vestimentis
1117 2857 1209 2918 ibi
1239 2856 1607 2934 habitarent,
1630 2857 1738 2920 ubi
1762 2858 1999 2921 Poenus

537 3009 562 3055 3
599 2996 914 3075 Constet-neti]
951 2995 1060 3049 vid.
1091 3011 1201 3050 not..
1265 3011 1481 3068 quanm
1498 3033 1515 3058 ‚
1536 2986 1590 3050 ut
1619 2999 1742 3052 alibi
1768 2999 1995 3052 observa·-

369 3111 374 3118 ·
472 3071 518 3106 ¹·
533 3058 1070 3190 fflissqtssafflffi‘ssuon
1087 3141 1201 3173 m-
1260 3064 1707 3176 532²?’P¹¹¹⁸⁷⁸¹“
1720 3062 1997 3134 ³⁰²⁰*

465 3184 628 3242 &aaa
665 3190 790 3237 muti
826 3202 1028 3254 partem.
1073 3187 1201 3243 Ali·
