2275 3842
237 284 469 356 toribus
492 283 671 347 alium
693 329 712 357 ,
735 299 803 346 ut
815 283 970 346 inter
995 301 1271 346 montana
1288 333 1307 360 ,
1336 285 1641 369 populum.
1675 287 1760 352 ibi
1792 315 2026 373 umm-
2084 305 2096 314 ·

235 384 351 432 non
399 365 560 426 bello
604 383 808 455 aperto
835 407 855 435 ,
893 363 990 426 sed
1034 365 1153 426 suis
1200 365 1425 428 artibus
1450 411 1469 437 ,
1514 365 1761 446 fraude,
1789 376 2020 434 neme.

233 443 447 519 deinde
468 442 682 506 insidiis
705 441 786 504 est
830 462 993 525 vrope
1031 445 1495 508 circumventus,
1541 453 1761 531 Magno

233 544 374 588 natu
405 523 700 608 principes
725 543 792 585 ca
841 523 1093 586 ellorum
1115 541 1378 591 oratores
1407 525 1480 588 ad
1502 527 1765 596 Poenum

236 605 522 668 veniunt:
560 605 766 666 alienis
812 602 1020 673 malis,
1063 605 1203 664 mili
1250 605 1489 688 exemplo
1534 601 1716 669 ἂοίίοε
1738 652 1776 680 „

235 701 626 746 memorantes
651 685 1010 758 {amicitiam
1029 683 1233 754 malle,
1266 688 1433 766 qudm
1462 688 1584 756 vim
1612 706 1771 770 expe·
1837 749 1847 770 ¹

231 767 344 826 riri
355 775 656 844 ss’oenorum.
695 765 884 844 itaque
900 765 1207 824 obedienter
1221 767 1773 847 imperata'fizfiurou

156 909 165 916 ,
233 865 588 906 commeatum
611 845 934 924 itinerisque
959 845 1122 903 duces
1142 885 1161 916 ‚
1190 843 1261 908 (7
1278 848 1350 905 ad
1348 846 1521 924 fidem
1535 850 1781 927 promis-‘2

221 926 408 1005 Jorum
429 924 626 1005 obfides
650 923 941 1002 acciperet.
983 920 1238 986 Annibal
1260 943 1371 985 nec
1396 942 1617 987 temere
1639 946 1773 990 cre-

234 1002 432 1066 dendo
458 1049 477 1076 ,
520 1021 630 1063 nec
667 1001 735 1062 as
764 998 1022 1062 ernaudo
1047 1049 1062 1073 ‚
1109 1021 1183 1064 ne
1224 1023 1285 1064 re
1330 1003 1518 1064 udiati
1564 1007 1771 1088 aperte

235 1081 431 1146 hostes
455 1081 697 1156 fierent,
763 1078 976 1162 enigne
999 1102 1188 1162 quum
1204 1025 1617 1162 reigondiffet,
1654 1089 1770 1144 ob-

237 1161 456 1225 fidibus
505 1180 659 1245 quos
705 1160 922 1222 dabant
951 1160 1212 1240 acceptis
1232 1205 1251 1234 ,
1295 1164 1357 1222 &
1388 1180 1723 1224 commeatu
1751 1209 1777 1240 ,

199 1236 202 1245 ¹
241 1263 428 1323 quern
465 1241 528 1303 in
572 1241 728 1302 viam
767 1238 868 1322 ipsi
905 1238 1277 1314 detulerant,
1324 1242 1779 1325 ususynequa-

291 1343 468 1395 uam,
506 1337 576 1382 ut
596 1319 748 1380 inter
785 1331 1060 1402 pacatos,
1106 1319 1500 1402 incomposito
1540 1321 1775 1402 agmine

243 1343 427 1464 guces
452 1421 656 1462 eorum
682 1399 962 1480 sequitur.
991 1395 1250 1460 Primum
1270 1418 1477 1481 agmen
1499 1399 1777 1483 elephan-

243 1481 294 1542 ri
322 1485 382 1544 δε
413 1479 645 1562 equites
663 1496 827 1539 erant
853 1499 872 1539 ι
897 1477 1016 1558 ipse
1061 1475 1187 1561 post
1212 1497 1349 1540 cum
1372 1481 1585 1542 robore
1610 1481 1775 1561 pedi-

240 1578 373 1622 turn
408 1553 894 1640 cireumspectans
932 1555 1217 1619 sollicitus
1250 1561 1446 1622 omnia
1471 1605 1491 1633 ,
1532 1559 1775 1621 incede-

241 1637 364 1702 bat.
417 1639 534 1698 Ubi
569 1639 630 1700 in
666 1637 1062 1727 angustiorem
1096 1637 1251 1698 viam
1287 1658 1360 1698 ex
1388 1658 1563 1721 parte·
1590 1639 1775 1704 altera.

237 1717 558 1784 sub‘eclam
584 1715 724 1798 jugo'
751 1719 982 1798 insuper
1016 1715 1344 1778 imminenti
1366 1737 1611 1780 ventum
1645 1719 1767 1795 estj

237 1738 508 1888 undique
537 1817 608 1872 ex
638 1795 854 1858 insidiis
899 1795 1124 1856 barbari
1157 1795 1189 1856 εὶ
1210 1793 1440 1871 fronte,
1479 1798 1551 1858 ab
1596 1815 1773 1880 tergo

242 1895 484 1950 coorti,
507 1876 776 1938 cominus
807 1874 1036 1938 eminus
1072 1893 1318 1957 petunt:
1358 1879 1485 1939 saxa
1508 1877 1773 1958 ingentia

241 1956 306 2022 in
347 1977 558 2038 agmen
583 1955 929 2017 devolvunt.
969 1955 1218 2016 maxima
1253 1956 1324 2016 ab
1352 1974 1440 2017 ter
1546 1963 1633 2018 vis
1658 1957 1771 2019 ho-

243 2037 471 2100 minum
510 2035 778 2118 urgebat.
823 2045 844 2076 ¹
879 2034 940 2096 in
967 2055 1070 2096 eos
1113 2035 1274 2097 versa
1318 2055 1389 2117 pe
1437 2047 1585 2096 itum
1612 2035 1775 2099 acies

241 2113 403 2178 haud
423 2115 670 2177 dubium
691 2113 834 2176 fecit
849 2159 868 2188 ‚
901 2117 1046 2196 quin
1069 2160 1088 2186 ‚
1131 2111 1235 2175 nifi
1260 2112 1485 2179 firmata
1508 2134 1775 2191 extrema
1878 2190 1899 2198 ᾖ

243 2217 278 2260 a
321 2195 494 2258 minis
522 2191 757 2256 fuissent
781 2241 800 2268 ,
829 2194 1032 2275 ingens
1061 2194 1122 2256 in
1148 2214 1222 2256 eo
1255 2194 1397 2256 saltu
1433 2195 1780 2280 accipienda.
1799 2209 1815 2220 ‘

239 2214 446 2339 cffades
466 2272 668 2337 fuerit.
695 2277 866 2337 Tunc
885 2277 1129 2357 quoque
1156 2272 1228 2337 ad
1258 2293 1587 2338 extremum
1624 2275 1781 2356 peri-

242 2355 368 2418 culi
391 2401 412 2430 ,
431 2375 498 2414 ac
523 2374 708 2437 prope
719 2353 1038 2435 perniciem
1059 2371 1301 2421 ventum
1326 2355 1425 2415 est.
1452 2377 1615 2428 nam,
1632 2353 1781 2416 dum

242 2435 561 2498 cunstatur
609 2432 862 2496 Annibal
882 2449 1096 2515 agmen
1135 2432 1451 2494 demittere
1492 2434 1550 2494 in
1590 2452 1779 2514 angu-

243 2513 381 2577 stias
402 2563 422 2590 ‚
453 2514 590 2607 quia
612 2531 728 2574 non
747 2559 766 2588 ,
791 2530 859 2574 ut
880 2511 996 2594 ipse
1013 2512 1319 2593 equitibus
1342 2511 1597 2596 pra’fidio
1620 2532 1777 2592 erat,

243 2591 336 2658 ita
353 2593 652 2680 peditibus
668 2591 989 2678 quicquam
1010 2591 1082 2654 ab
1103 2610 1271 2677 tergo
1296 2593 1495 2670 auxilii
1518 2595 1781 2678 telique-⁴⁴

311 2799 333 2834 ι
391 2788 454 2835 In
493 2802 569 2834 eos
608 2785 740 2852 versa
779 2786 983 2854 peditum
1041 2783 1348 2837 nifi·fitmata
1372 2789 1537 2840 valido
1562 2789 1777 2857 praesidio

241 2851 368 2900 acies
388 2847 515 2897 haud
535 2847 720 2897 dubmm
735 2850 886 2915 fecit]
927 2855 982 2898 In
1044 2865 1253 2901 extrema
1307 2857 1509 2917 agminis
1570 2853 1779 2906 firiffenr.

243 2930 323 2966 eos
347 2912 482 2962 versa
501 2915 710 2979 pediturn
734 2919 833 2963 acie
852 2948 868 2973 ,
893 2929 980 2978 ap·
1043 2917 1169 2963 Tunc
1194 2935 1366 2985 quoque
1381 2955 1396 2978 ,
1425 2919 1471 2966 id
1500 2919 1565 2968 est
1585 2936 1781 2984 ,atque

241 2981 407 3045 paruit
445 3011 462 3035 ,
499 2993 555 3025 ex
596 2993 776 3044 magno
809 2977 984 3026 scilicet
1043 2983 1190 3028 etiam
1226 2980 1335 3030 licet
1370 2981 1595 3033 firmasset
1624 2985 1781 3048 pedite

243 3041 487 3107 plenoque
523 3044 715 3105 periculi
761 3044 982 3091 certami-
1049 3044 1259 3093 Annibal
1294 3061 1503 3097 extrema
1536 3050 1777 3114 agminis.

240 3119 304 3154 ne
337 3139 349 3160 ,
394 3109 634 3168 ingentem
674 3110 726 3154 in
767 3121 824 3154 eo
865 3107 1004 3154 saltu*
1049 3121 1320 3164 tamen-0..

246 3167 440 3218 cladem
467 3171 790 3234 accipiendam
816 3165 952 3222 fuiffe
965 3203 984 3237 9

353 3235 506 3299 Tom.
529 3241 638 3300 ΙΙΙ.
1464 3242 1522 3305 C
