2275 3842
207 269 214 276 ,
525 204 628 280 172
889 230 950 244 --
984 179 1082 256 T.
1176 181 1243 257 L
1298 207 1331 254 r
1360 194 1437 256 ‘v
1491 207 1523 257 r
1579 206 1617 257 r

276 297 500 348 utsu-
526 287 588 345 δε
629 279 768 343 luna
809 298 1032 362 pernox
1083 298 1250 352 erat,
1286 283 1347 340 δι
1394 280 1631 342 sublatis
1678 279 2053 346 armamentis

269 351 505 416 ⁸³2²stst
527 359 845 424 veniebant
862 407 881 434 ‚
905 359 1204 442 extemplo
1226 357 1431 421 datum
1458 358 1491 421 ὲ
1516 361 1761 444 speculis
1787 360 2048 444 signum,

526 444 588 506 δι
620 442 682 502 in
721 439 943 524 oppido
973 439 1044 500 ad
1079 460 1234 501 arma
1259 437 1694 502 conclamatum
1722 441 1803 501 est
1823 487 1843 516 ,
1884 445 1947 502 &
1986 441 2051 504 in

522 541 701 585 naves
739 519 1151 581 conscensum:
1181 538 1309 601 pars
1335 518 1588 581 militum
1615 521 1675 584 in
1702 521 1883 582 muris
1909 541 2049 603 por-

524 618 837 682 tarumque
879 597 1265 673 stationibus,
1295 619 1425 691 pars
1468 599 1525 659 in
1568 600 1816 663 navibus
1853 617 2048 665 erant.-
2088 643 2099 659 ,

526 685 604 746 Et
627 675 1142 756 Carthaginienses
1166 720 1186 749 ‚
1216 698 1354 759 quia
1386 698 1507 739 rem
1546 674 1673 740 fore
1713 678 1871 741 haud
1905 699 2047 744 cum

523 760 607 822 im
650 757 821 818 aratis
849 755 1170 818 cernebant
1195 802 1213 828 ‚
1246 759 1431 840 usque
1459 757 1529 818 ad
1558 757 1752 820 lucem
1780 777 1957 842 portu
1990 759 2049 820 se

523 839 597 902 ab
646 837 929 898 iuuerunt
964 882 983 908 ‚
1026 834 1330 898 demendis
1372 837 1741 901 armamentis
1782 858 1855 899 eo
1898 855 2047 900 tem-

521 938 668 1001 pore
687 961 706 988 ,
732 915 1100 999 aptandaque
1117 915 1193 976 ad
1210 933 1463 998 pugnam
1484 914 1652 978 classe
1673 965 1693 992 ,
1720 917 2049 1000 absumpto.

525 996 647 1059 Ubi
670 995 866 1058 illuxit
887 1040 906 1064 ‚
940 1015 1214 1078 recepere
1241 993 1469 1057 classem
1493 997 1551 1057 in
1578 996 1765 1060 altum
1783 1045 1801 1069 ‚
1833 1015 1901 1059 ut
1925 1001 2051 1081 spa·

523 1077 680 1141 tium
712 1094 918 1161 pugnae
948 1074 1120 1144 effer,
1148 1075 1496 1158 exitumque
1523 1075 1774 1138 liberum
1802 1076 1835 1140 ὲ
1906 1093 2048 1140 ortu

525 1176 708 1221 naves
743 1155 999 1218 hostium
1040 1154 1343 1218 haberent.
1393 1162 1522 1217 Nec
1568 1157 1812 1218 Romani
1894 1176 2046 1218 etre-

525 1237 757 1300 &avere
845 1253 1056 1316 ugnam
1081 1279 1101 1308 ,
1140 1238 1200 1295 &
1240 1235 1522 1296 memorii
1562 1235 1589 1276 ⁶
1630 1236 1787 1298 circa
1825 1257 1890 1298 ea
1928 1237 1945 1298 i
1994 1238 2049 1299 sa

519 1315 654 1379 loca
697 1334 768 1397 ge
821 1335 984 1376 arum
1019 1333 1215 1375 rerum
1251 1313 1430 1388 freti,
1454 1317 1517 1378 &
1547 1315 1806 1381 militum
1846 1337 1945 1378 mu
1973 1316 2050 1378 ti-

523 1395 732 1458 tudine
759 1413 825 1454 ac
849 1394 1094 1454 virtute.

162 1536 172 1545 ,
323 1499 468 1565 Q„
597 1479 661 1538 L.
708 1473 825 1534 Ubi
853 1471 913 1534 in
939 1471 1120 1534 altum
1148 1471 1338 1534 evecti
1364 1472 1496 1534 sunt
1519 1519 1539 1546 ‚
1574 1475 1871 1536 Romanus
1896 1493 2044 1536 con-

260 1567 440 1633 ·amtfs
519 1555 704 1626 serere
733 1572 1018 1637 pugnam,
1049 1553 1109 1615 δε
1129 1571 1202 1612 ex
1228 1552 1565 1635 propinquo
1589 1551 1743 1614 vires
1768 1551 2043 1618 conferre

262 1621 465 1724 ἷὲὲώ·
517 1634 670 1699 velle
697 1655 712 1695 z
737 1631 947 1694 contra
974 1630 1215 1693 eludere
1256 1635 1484 1693 Poenus
1507 1677 1527 1706 ,
1549 1636 1610 1693 δι
1637 1651 1760 1695 arte
1780 1681 1800 1708 ‚
1829 1654 1948 1695 non
1978 1632 2044 1697 vi

384 1709 400 1730 ‘
517 1735 643 1778 rem
665 1732 868 1796 gerere
889 1759 906 1784 ,
931 1711 1291 1799 naviumque
1369 1712 1507 1772 uam
1529 1712 1795 1776 virorum
1823 1731 1924 1776 aut
1950 1733 2043 1774 ar-

511 1815 746 1857 morum
785 1791 958 1854 malle
993 1808 1290 1852 certamen
1361 1811 1548 1852 acere.
1586 1812 1717 1854 nam
1759 1810 1827 1855 ut
1867 1793 2043 1855 sociis

512 1873 818 1938 navalibus
860 1869 1076 1932 affatim
1119 1868 1455 1932 instructam
1504 1869 1732 1935 classem
1763 1919 1781 1948 ‚
1828 1871 1905 1933 ita
1950 1874 2042 1936 in-
2132 1939 2141 1946 ,

513 1975 691 2049 opem
726 1951 911 2013 milite
937 1948 1267 2011 habebant:
1294 1954 1358 2012 &
1384 1995 1403 2024 ,
1436 1949 1619 2012 ficubi
1646 1953 1911 2014 conserta
1940 1973 2041 2014 na·-

511 2054 606 2099 vis
632 2031 772 2095 esset
795 2077 814 2102 ,
854 2030 1311 2114 haudquaquam
1339 2051 1442 2114 par
1479 2050 1756 2093 numerus
1784 2050 2038 2094 armato·

511 2123 647 2178 rum
674 2134 744 2174 ex
773 2132 838 2172 ea
867 2109 1183 2192 pugnabat.
1226 2109 1414 2186 Quod
1447 2109 1548 2172 ubi
1574 2112 2040 2176 animadversum

512 2193 637 2262 est3
665 2194 725 2252 δε
758 2190 1030 2251 Romanis
1057 2187 1381 2250 multitudo
1416 2190 1513 2250 sua
1546 2192 1709 2252 auxit
1734 2193 1991 2254 animum
2010 2235 2037 2268 ,

513 2275 579 2336 δε
610 2269 872 2354 paucitas
905 2267 1020 2329 illis
1053 2268 1283 2329 minuit.
1330 2269 1640 2350 Extemplo
1679 2272 1897 2351 septem
1928 2291 2037 2346 ‚na-

508 2371 620 2416 ves
647 2346 880 2414 Punicae
916 2349 1331 2410 circumventae
1356 2369 1371 2409 ε
1398 2345 1598 2429 fugam
1625 2369 1833 2411 ceterae
1862 2370 2039 2434 cepe·-

513 2449 672 2497 runt.
712 2429 869 2492 mille
894 2432 953 2490 δε
984 2426 1333 2512 septingenti
1370 2425 1534 2488 fuere
1568 2426 1627 2488 in
1662 2429 1908 2492 navibus
1941 2451 2038 2493 ca-

513 2511 634 2594 ptis
677 2510 895 2570 milites
927 2526 1231 2588 nautaeque
1256 2529 1270 2565 t
1298 2506 1358 2566 in
1392 2504 1463 2566 iis
1488 2525 1607 2568 tres
1632 2509 1860 2571 nobiles
1891 2515 2038 2573 Car-

511 2587 978 2668 thaginienssum.
1020 2585 1225 2648 Claffis
1254 2589 1512 2648 Romana
1534 2587 1885 2664 incolumis,
1918 2589 2039 2653 uni

513 2684 742 2728 tantum
775 2661 1068 2747 perforata
1091 2664 1266 2736 navi,
1300 2665 1399 2726 sed
1425 2665 1493 2726 ei
1517 2686 1762 2752 quoque
1789 2668 1911 2747 ipsa
1936 2688 2031 2728 re-

516 2744 674 2816 duce
700 2790 722 2819 ‚
756 2745 815 2806 in
855 2760 1091 2826 portum
1128 2742 1322 2805 rediit.
1362 2744 1696 2805 Secundum
1734 2745 1886 2805 hanc
1922 2766 2029 2825 pu-

561 2847 692 2886 nam
713 2873 732 2900 ,
766 2822 1030 2892 nondum
1052 2823 1245 2904 gnaris
1268 2825 1392 2885 eius
1416 2824 1517 2906 qui
1544 2821 1803 2886 Mess'anae
1824 2841 2028 2902 etant,

403 2905 416 2916 ’
515 2843 610 2969 gi.
635 2904 1010 2986 Sempronius
1032 2903 1239 2968 consul
1262 2899 1574 2966 Messanam
1597 2902 1784 2966 venit.
1824 2903 1891 2965 Ei
1916 2901 2033 2968 fre-

579 3042 609 3080 6
631 3033 757 3080 circa
777 3049 829 3081 ea
843 3031 939 3099 ipſs
953 3031 1087 3094 loca]
1107 3033 1246 3097 AEga'-
1304 3033 1416 3080 victi
1437 3034 1842 3099 Carthaginienses
1869 3048 2039 3098 pacem

511 3109 586 3154 xes
609 3097 767 3145 insulae
786 3132 800 3156 ‚
823 3097 885 3144 ad
909 3113 1023 3162 quas
1050 3097 1245 3145 celebris
1339 3099 1477 3152 eriere
1500 3130 1520 3161 ,
1554 3113 1655 3148 non
1688 3097 1831 3165 longe
1866 3098 2041 3148 absunt

514 3160 776 3230 impugna
806 3175 1014 3228 pugnata
1040 3160 1133 3223 est,
1153 3159 1247 3228 qua
1362 3159 1589 3227 Lilybeo.

1009 3242 1017 3248 ’
1099 3267 1106 3272 ·
1918 3243 2047 3290 tum
