2275 3842
526 221 593 299 L
650 243 777 298 ΓΒ
834 243 881 298 13
940 245 989 298 n
1106 222 1397 302 XXII.
1597 229 1751 327 189·

196 321 518 408 'deficientis
547 367 569 398 ,
614 321 643 366 ⁶
682 324 955 386 deminuti
995 326 1179 407 capite
1212 369 1236 397 ‚
1280 324 1589 389 abalienati
1613 337 1744 402 jure
1767 361 1881 408 uc.
1894 363 2008 415 ‹363

198 406 421 467 civium
446 447 465 474 ,
490 406 655 484 servi
689 405 1216 487 Carthaginiensmm
1229 408 1402 487 facti.
1446 411 1631 470 Pretio
1654 431 1744 470 re·
1766 420 1870 467 ιο.
1889 424 2008 482 216,

199 485 382 548 dituri
412 487 537 564 assis
571 483 631 545 eo
649 526 669 554 ,
696 487 837 547 unde
862 483 1106 567 ignavie?
1125 509 1193 547 ac
1216 487 1476 569 nequitici
1496 491 1690 570 abistis
1711 491 1745 552 ἒ

200 572 267 627 Ρ.
307 568 678 648 Sempronium
710 609 729 636 ,
776 565 961 626 civem
997 567 1239 643 vestrum
1269 611 1292 638 ,
1337 591 1440 629 non
1472 570 1703 647 audistis
1720 612 1744 641 ,

202 667 360 708 arma
394 663 585 786 capere
605 688 626 716 ,
667 669 735 706 ac
754 648 923 728 sequi
938 648 1003 725 se
1025 649 1309 720 jubentem
1345 675 1366 710 .·
1409 649 1745 710 Annibalem

193 727 313 809 pqll
340 743 455 809 pau
483 751 510 787 o
548 727 779 806 audistis
796 770 819 797 ,
845 729 1019 805 castra
1045 731 1251 810 prodi,
1294 729 1365 794 ό
1400 751 1556 790 arma
1591 733 1746 792 tradi

190 809 496 881 jubentem.
549 813 737 888 Quam
779 829 873 890 ego
914 809 1214 888 ignaviam
1252 809 1470 886 istorum
1512 812 1700 890 accuso
1720 854 1743 881 ‚

206 908 375 970 quum
395 885 583 966 scelus
600 889 791 972 poffim
818 889 1073 967 accusare
1092 889 1123 948 ἒ
1150 897 1275 950 Non
1303 892 1448 952 enim
1478 889 1628 952 modo
1649 894 1749 971 se-

203 969 308 1051 qui
346 970 665 1048 recusarunt
706 971 840 1030 bene
887 987 1188 1030 monentem
1216 1012 1241 1040 ,
1271 972 1374 1048 sed
1415 971 1650 1052 obsp‘lere
1681 995 1752 1032 ac

206 1050 446 1110 retinere
484 1052 670 1111 conati
695 1050 829 1128 sunt
846 1092 866 1119 ‚
891 1050 955 1110 ni
980 1049 1205 1126 stridis
1232 1047 1451 1131 gladiis
1480 1053 1607 1111 viri
1624 1053 1750 1128 sbr-

206 1127 401 1212 tiffimi
433 1131 638 1191 inertes
659 1129 1093 1211 summovtffint.
1114 1131 1283 1212 prius
1305 1173 1328 1200 ,
1367 1132 1596 1212 inquam
1618 1173 1642 1201 ,
1679 1140 1749 1195 Ρ.

210 1213 517 1292 Sempronio
536 1227 639 1292 per
660 1213 878 1272 civium
904 1231 1099 1292 agmen
1116 1251 1137 1280 ,
1164 1214 1332 1292 quam
1353 1228 1454 1292 per
1479 1212 1707 1288 Iastium
1723 1257 1750 1287 ‚

196 1291 323 1372 fitit
376 1293 781 1374 erumpendum.
836 1299 951 1352 Hos
1004 1292 1162 1351 cives
1204 1293 1397 1373 patria
1443 1292 1694 1373 defideret
1721 1291 1748 1354 ἓ

208 1392 442 1454 quorum
462 1373 519 1453 st
550 1374 721 1433 ceteri
739 1369 959 1453 stmiles
981 1371 1208 1452 fuiffi’nt
1221 1413 1244 1441 ,
1283 1374 1552 1434 neminem
1591 1375 1750 1433 hodie
1834 1410 1846 1415 -

208 1474 275 1514 ex
297 1453 377 1512 iis
403 1454 506 1533 qui
537 1455 610 1512 ad
643 1460 857 1513 Cannas
884 1468 1281 1534 pugnaverunt
1301 1494 1325 1522 ,
1359 1455 1543 1513 civem
1577 1454 1748 1513 habe-

208 1549 317 1594 ret.
354 1539 439 1613 Ex
468 1531 723 1594 millibus
742 1535 953 1615 septem
982 1551 1320 1593 armatorum
1336 1574 1359 1602 ,
1379 1534 1626 1612 sexcenti
1645 1555 1748 1594 ex·-

141 1624 149 1632 “
188 1614 460 1693 stiterunt
490 1615 594 1695 qui
631 1630 909 1695 erumpere
940 1615 1204 1674 auderent
1224 1655 1245 1682 ,
1272 1615 1376 1695 qui
1407 1615 1468 1674 in
1493 1615 1749 1697 patriam

188 1692 381 1754 ·liberi
419 1711 477 1753 at
518 1715 586 1755 ue
619 1696 826 1755 armati
863 1695 1107 1754 redirent
1132 1719 1154 1754 .-
1179 1714 1352 1775 neque
1385 1694 1463 1755 iis
1495 1696 1748 1775 quadra-

203 1775 372 1857 ginta
394 1775 474 1835 mi
500 1772 585 1835 lia
619 1775 844 1852 hostium
882 1775 1150 1852 obstitere.
1187 1777 1376 1854 Quam
1413 1793 1593 1836 tutum
1635 1777 1750 1837 iter

212 1856 444 1915 duarum
472 1870 642 1938 prope
673 1853 951 1937 legionum
985 1855 1204 1936 agmini
1219 1855 1479 1933 futurum
1515 1857 1747 1934 censetis

197 1935 363 2017 fiuffi
382 1935 413 1994 ἓ
436 1937 731 1997 Haberetis
754 1937 909 1996 hodie
936 1933 1155 2015 viginti
1187 1932 1379 1996 millia
1416 1954 1756 1998 armatorum

214 2014 433 2095 Canusii
448 2059 469 2086 ,
480 2018 661 2096 fhrtia
679 2058 699 2085 ‚
725 2014 929 2096 fidelia
947 2056 969 2086 ,
999 2015 1549 2096 Patres-Conscripti.
1589 2023 1756 2076 Nune

212 2115 397 2158 autem
447 2097 897 2177 quemadmodum
948 2096 1011 2154 hi
1062 2094 1193 2154 boni
1231 2091 1447 2176 fideles
1467 2117 1535 2156 ue
1570 2095 1601 2172 (
1624 2117 1775 2156 nam-

198 2179 380 2258 Jortes
405 2197 471 2238 ne
494 2175 598 2259 ipst
618 2177 842 2257 quidem
868 2175 1111 2236 dixerint
1136 2181 1158 2250 )
1204 2177 1360 2237 cives
1386 2194 1415 2235 e
1450 2196 1480 2235 e
1501 2174 1756 2257 poffiantss

214 2267 245 2308 7
272 2256 379 2338 nisi
395 2257 524 2337 quis
549 2259 765 2318 credere
786 2274 910 2339 pote
976 2253 1140 2338 fittffi·
1153 2297 1176 2324 ,
1209 2273 1273 2317 ut
1305 2255 1713 2338 erumpentibus
1728 2297 1756 2326 ,

213 2339 357 2434 guin
388 2353 727 2419 erumperent
744 2379 765 2406 ,
804 2338 867 2395 ob
886 2336 1039 2413 tstere
1064 2337 1261 2396 conati
1276 2333 1418 2414 =„sunt
1457 2359 1477 2395 .·
1515 2354 1614 2395 aut
1652 2357 1758 2396 non

215 2418 473 2480 invidere
498 2438 587 2479 eos
605 2460 626 2488 ,
663 2437 835 2499 quum
860 2414 1240 2477 incolumitati
1260 2433 1378 2476 tum
1395 2413 1596 2497 gloriae
1621 2412 1760 2476 illo·-

216 2519 343 2561 rum
358 2513 463 2580 per
485 2501 755 2560 virtutem
772 2513 985 2579 partae,
1006 2495 1180 2578 quum
1185 2494 1302 2578 fibi
1319 2497 1572 2560 timorem
1596 2496 1762 2579 igna-

288 2665 319 2704 6
366 2658 608 2708 Denu‘nuti
647 2656 833 2726 eapite]
879 2656 953 2706 Sic
1082 2671 1114 2714 7
1147 2647 1248 2720 Ni‘fi
1282 2655 1388 2725 quis
1417 2653 1588 2706 credere
1617 2657 1760 2726 potes!

214 2722 428 2788 Regulus
460 2723 585 2800 apud
628 2729 801 2777 Horat.
833 2721 953 2776 dici·
1008 2717 1176 2788 fuiffe,
1198 2727 1291 2781 ut]
1327 2726 1440 2771 Haec
1458 2720 1604 2786 paulo
1623 2726 1764 2772 intri-

216 2801 297 2836 tut
344 2790 525 2856 Capias
566 2787 725 2837 minor.
777 2788 959 2851 Capitis
1021 2786 1206 2834 cariora
1235 2783 1357 2832 sunt.
1391 2787 1434 2834 si
1453 2787 1577 2834 nihil
1600 2788 1766 2836 mendi

218 2851 487 2904 deminutio
520 2850 585 2900 est
612 2853 787 2918 prioris
817 2848 962 2900 statsss
1026 2847 1179 2899 subest
1208 2881 1225 2908 ,
1268 2863 1448 2913 expone
1482 2868 1495 2897 ε
1532 2849 1631 2914 Nifi
1662 2853 1773 2920 quit

218 2920 445 2968 mutatio.
498 2921 612 2968 Haec
656 2915 828 2982 triplex
879 2914 960 2966 est.
1028 2913 1202 2966 credere
1267 2912 1374 2978 otest
1405 2911 1538 2980 fuiffe
1569 2930 1650 2964 eos
1686 2916 1770 2966 bo·

218 2986 290 3032 At
324 2997 381 3030 ea
422 2981 481 3030 de
518 2995 613 3046 qua
655 2977 735 3029 hic
770 2982 927 3048 agitur
947 3014 967 3040 ,
1031 2995 1118 3029 nos
1145 2975 1236 3026 fide
1258 2978 1395 3044 esque
1429 2982 1551 3028 cives
1569 3013 1587 3037 ‚
1608 2991 1657 3028 ut
1676 3011 1692 3038 ,
1721 2979 1773 3029 id

218 3061 327 3112 quae
361 3047 569 3094 maxima
614 3043 829 3106 dicimf,
868 3044 933 3096 est
949 3079 969 3105 ‚
1036 3043 1101 3094 est
1128 3077 1146 3102 ,
1214 3041 1433 3108 ostquam
1471 3040 1558 3104 obfi
1591 3060 1662 3092 ere
1699 3061 1774 3092 co-

219 3125 376 3176 quum
412 3111 588 3177 aliquis
632 3107 771 3158 fimul
817 3111 867 3158 &
907 3112 977 3158 ci·
1037 3108 1142 3159 nati
1163 3059 1264 3166 'Eut
1292 3108 1536 3175 erumpenti
1568 3123 1623 3156 us
1657 3109 1785 3177 civi-¹

218 3177 427 3252 vitagem
457 3177 507 3232 δι
539 3171 815 3230 libertatem
832 3176 979 3230 amit·
1039 3173 1131 3224 bus
1157 3172 1249 3222 suis
1266 3203 1286 3236 ,
1320 3173 1431 3241 quin
1455 3183 1755 3254 erumperent.

224 3252 308 3290 ut.
1515 3251 1520 3254 '

2252 341 2255 368 --
2231 0 2253 288 ,.,.--.-Α..-.-.-.Ι
