2275 3842
442 249 593 322 174·
912 220 1013 300 T.
1114 221 1177 300 L
1223 247 1258 301 1
1307 247 1364 302 v
1414 249 1472 298 1·
1501 245 1531 300 1
1941 316 1959 322 μ

440 320 917 410 superincubanti
960 327 1228 388 Romano
1265 323 1488 397 κήνας,
1535 321 1676 386 naso
1717 319 1986 386 auribust-

442 425 562 489 que
607 401 925 467 laceratis:
968 425 1159 488 quum
1194 404 1467 468 manibus
1509 403 1580 466 ad
1627 403 1990 490 capiendum

442 485 631 550 telum
662 483 973 548 inutilibus
995 531 1014 560 ‚
1045 487 1106 550 in
1131 487 1352 549 rabiem
1381 485 1469 548 ira
1493 487 1696 550 versus
1713 531 1735 562 ,
1768 485 1996 549 lanian·

447 567 529 630 do
558 561 835 628 de‘ntibus
860 563 1086 630 hostem
1113 565 1467 650 exspirasset.
1604 589 1607 593 ·
2093 561 2108 572 ’

533 651 661 709 LII.
702 645 916 730 Spoliis
946 648 1021 710 ad
1054 648 1314 712 multum
1345 647 1464 711 diei
1498 645 1666 709 lestis
1686 690 1707 722 ,
1733 643 1996 710 Annibal

186 735 405 831 ζζῇζῖῗζ
452 725 526 792 ad
570 727 797 801 minora
837 727 1008 791 ducit
1049 728 1230 792 castra
1272 751 1351 812 op
1395 727 1715 811 ugnanda:
1757 731 1822 790 &
1862 749 1994 789 om·-

192 835 345 877 mm
454 807 620 874 nium
687 807 901 872 rimtim
923 854 943 883 ‚
977 821 998 854 1
1029 809 1280 874 brachio
1307 753 1544 890 ogjecto
1567 854 1586 884 ,
1617 806 1860 884 flumine
1889 825 2003 870 eos.

191 892 387 942 '¹³³220r3v
430 888 628 954 *exclu
674 889 742 959 it.
783 889 1071 954 Ceterum
1112 905 1139 936 2
1181 891 1254 953 ab
1295 890 1614 963 omnib'u8‚
1638 886 1998 962 labore‚vi·

498 970 613 1032 iliis
632 1018 652 1046 ,
676 967 1027 1036 vulneribus
1053 971 1234 1035 etiam
1255 1018 1274 1046 ‚
1301 970 1454 1034 fessis
1467 1019 1487 1048 ,
1509 969 1796 1033 maturior
1818 967 1998 1053 ipsius

450 989 555 1135 {pe
598 1049 829 1113 deditio
866 1051 948 1114 est
984 1052 1157 1117 fasta.
1199 1063 1222 1104 ³
1263 1051 1416 1136 pasti
1445 1099 1466 1127 ‚
1509 1067 1577 1114 ut
1615 1071 1774 1119 arma
1814 1068 2006 1133 atque

458 1153 652 1217 equos
694 1130 996 1194 traderent
1031 1177 1072 1210 ,t
1103 1133 1162 1195 in
1205 1133 1398 1227 capita
1442 1135 1702 1194 Romana
1740 1131 2002 1193 trecenis

456 1223 498 1266 4
541 1212 797 1276 nummis
836 1214 1200 1298 quadrigatis
1223 1262 1243 1290 ,
1279 1235 1339 1276 1n
1387 1213 1578 1276 socios
1613 1211 1865 1274 'ducenis
1891 1258 1910 1288 ‚
1939 1211 2006 1274 in

444 1293 666 1369 -servos
711 1295 1023 1370 centenis,
1067 1299 1132 1358 δε
1161 1310 1250 1356 ἰη
1296 1315 1370 1356 eo
1411 1293 1605 1381 pretio
1652 1291 2006 1378 persoluto,

459 1395 604 1436 curn
630 1371 868 1455 lingulis
894 1374 1125 1438 abirent
1149 1373 1513 1437 vestimentis
1536 1421 1556 1450 ,
1590 1373 1650 1435 in
1679 1373 1860 1436 castra
1884 1371 2007 1434 ho.-

460 1454 576 1518 stes
602 1475 742 1519 acce
788 1473 963 1518 erunt
980 1502 999 1531 ‚
1026 1454 1348 1538 traditique
1367 1455 1428 1516 in
1453 1453 1776 1518 custodiam
1794 1473 2005 1516 omnes

452 1537 600 1599 sunt
622 1582 641 1610 ,
671 1537 726 1597 se
792 1536 1051 1600 seorsum
1069 1535 1232 1599 cives
1255 1534 1542 1616 sociique.
1563 1539 1726 1598 Dum
1747 1533 1840 1596 ibi·
1856 1552 2008 1597 tern-

506 1637 578 1680 us
617 1616 877 1692 teritur,
925 1616 1151 1680 interea
1197 1636 1497 1698 quum-ex
1540 1611 1862 1696 majoribus
1902 1636 2010 1678 ca·-

484 1697 632 1772 τίς,
661 1696 883 1782 quibus
927 1699 1064 1760 satis
1102 1695 1324 1762 virium
1363 1714 1468 1762 aut
1514 1696 1692 1760 animi
1737 1693 1893 1772 fuit,
1931 1697 2008 1762 ad

461 1786 731 1863 qu‘atuor
758 1776 941 1841 millia
970 1777 1285 1842 hominum
1309 1826 1327 1854 ,
1370 1781 1432 1841 δε
1461 1777 1705 1842 ducenti
1723 1777 1967 1862 >equites
1988 1827 2011 1852 ,

463 1859 570 1923 alii
597 1857 869 1941 agmine,
892 1859 991 1923 alii
1028 1859 1206 1944 palati
1241 1859 1436 1944 paffim
1465 1880 1568 1944 per
1595 1877 1766 1944 agros
1787 1906 1807 1935 ,
1842 1857 2014 1944 quod-

466 1938 633 2002 haud
670 1937 869 2003 mimis
910 1947 1110 2005 tutum
1147 1958 1273 2003 erat
1305 1989 1321 2016 ,
1363 1939 1685 2004 Canufium
1723 1939 1865 2028 perf
1943 1939 2016 2002 is-

467 2023 601 2085 sent
631 2041 651 2094 ς
684 2019 865 2084 castra
907 2021 1024 2106 ipsa
1067 2021 1142 2085 ab
1182 2021 1391 2085 sauciis
1425 2021 1765 2105 timidisque
1807 2042 1873 2084 ea
1915 2041 2014 2084 em

464 2100 819 2166 conditione
847 2148 869 2178 ,
910 2103 1029 2188 quii
1062 2103 1245 2166 altera
1277 2149 1297 2177 ‚
1342 2103 1556 2166 tradita
1596 2101 1769 2166 hosti.
1815 2101 2019 2166 Praeda

470 2183 685 2266 ingens
726 2199 889 2278 parta
930 2182 1046 2248 est:
1075 2187 1178 2258 δε,
1207 2199 1414 2266 praeter
1459 2204 1652 2268 equos
1694 2184 1864 2248 viros
1898 2204 2012 2260 ue,

468 2263 535 2326 δε
561 2262 603 2324 fi
638 2264 787 2349 quid
816 2263 1081 2347 argenti,
1116 2263 1283 2350 quod
1313 2264 1639 2350 plurimum
1666 2263 1730 2326 in
1759 2263 1876 2350 pha
1902 2265 2020 2328 eris

466 2363 769 2430 equorum
808 2361 935 2408 erat
967 2391 987 2420 ,
1034 2345 1111 2426 (5
1159 2365 1294 2407 nam
1341 2345 1416 2409 ad
1459 2345 1820 2412 vescendum
1859 2345 2018 2410 facio

180 325 407 378 U.c.536„

182 383 357 429 mens
370 387 411 427 6.

205 663 317 706 lina
340 663 424 715 Ro-

544 2491 565 2524 1
606 2475 796 2526 Brachia
817 2475 1023 2540 obieHo]
1061 2475 1216 2526 Duffli

473 2539 603 2591 sossii
618 2543 739 2588 inter
757 2541 907 2590 castra
923 2540 1212 2607 flumenque.

545 2621 573 2651 2
622 2604 713 2653 Ab
755 2605 998 2668 omnibus]
1039 2613 1216 2672 Legen-

475 2668 595 2718 dum
624 2671 947 2733 putaverimus
979 2670 1037 2718 ab
1067 2670 1219 2721 bomi-

475 2733 629 2782 nibus.
854 2741 883 2772 θ

550 2813 571 2856 3
608 2793 740 2844 Paeti
764 2829 780 2854 ,
809 2809 863 2846 ut
890 2805 1061 2862 arma]
1089 2801 1217 2850 Paffl

478 2866 677 2916 trecenis
702 2867 943 2925 nummis,
966 2868 999 2914 i.
1028 2881 1070 2914 e.
1092 2867 1216 2931 pacti

477 2929 687 2992 pretium
716 2926 819 2976 fore
846 2931 900 2976 in.
926 2933 1082 2994 capita
1110 2936 1215 2980 Ro-

478 3007 624 3040 mana
642 3006 849 3042 trecenos
864 3009 1087 3044 nummos
1101 3011 1216 3060 qua·

479 3056 693 3120 drigatos
720 3093 737 3118 ,
774 3075 883 3107 cum
914 3077 972 3108 eo
991 3094 1007 3118 ,
1044 3057 1135 3108 five
1165 3060 1218 3109 ea

474 3119 582 3186 lege
622 3137 673 3171 ut
712 3139 851 3172 arma
890 3140 1031 3191 atque
1068 3133 1214 3191 equos

462 3185 737 3240 maderent.

1279 2478 1498 2526 Denariis
1517 2513 1534 2538 ,
1569 2479 1660 2544 qui
1683 2477 1926 2544 quadrigae
1957 2474 2024 2527 Ην.

1279 2557 1452 2607 guram
1471 2544 1754 2609 insculptam
1773 2545 2020 2610 gerebant.

1280 2611 1500 2657 Trecenti
1557 2608 1737 2657 denarii
1811 2607 2020 2658 efficiunt

1283 2671 1469 2721 mareas
1495 2675 1680 2738 argenti
1711 2671 1939 2722 nostrates
1968 2688 2022 2734 4.

1281 2753 1394 2786 cum
1436 2740 1583 2786 unciis
1619 2739 1825 2801 quinque
1861 2739 1911 2785 δε
1947 2735 2022 2798 di-

1283 2800 1434 2850 midia
1466 2804 1613 2851 unciae
1645 2815 1777 2865 parte
1803 2819 1815 2849 z
1842 2799 2021 2851 ducen-

1284 2869 1348 2926 ti,
1373 2882 1554 2919 marcas
1574 2879 1666 2917 tres
1686 2880 1795 2912 cum
1817 2881 1912 2913 una
1928 2881 2022 2915 un·

1282 2935 1388 2980 cia:
1413 2944 1847 2988 centum‚marcam
1871 2945 2024 2980 unam

1282 3013 1393 3046 cum
1428 3009 1633 3060 quatuor
1676 2997 1822 3044 unciis
1861 2998 1912 3044 δι
1953 2996 2025 3044 se-

1285 3075 1491 3108 muncia.
1716 3092 1723 3099 .

1337 3139 1360 3182 ς
1392 3129 1515 3172 Nam
1532 3121 1596 3171 ad
1614 3121 1883 3186 vescendum
1896 3122 2025 3190 faec‘s‘o

1276 3190 1515 3258 perexiguo
1537 3227 1548 3238 .
1567 3224 1581 3238 .
1612 3189 1892 3251 utebantur]
1928 3193 2020 3238 Pa·

539 3267 577 3315 4
618 3252 835 3307 Numinis
879 3251 1218 3324 quadi-iguis]
1282 3271 1398 3308 rum
1411 3257 1542 3306 enim
1571 3253 1815 3320 habebant
1839 3250 2028 3321 argenti
2070 3309 2076 3319 ,
