2275 3842
477 236 638 318 '124
976 213 1093 287 T..
1182 212 1657 289 Lrvtt·

217 354 451 408 tr..c.535.
481 336 783 385 remorum
827 312 1072 398 strepitu
1121 332 1195 374 ue
1244 310 1362 375 alio
1407 313 1651 376 nautico
1692 312 1975 379 exaudito
1992 328 2019 391 ,·

222 412 456 463 acm-75
481 402 586 465 a'ut
628 394 1028 482 aperientibus
1069 414 1102 453 c
1129 388 1300 453 affem
1340 393 1801 474 promontoriis:
1826 416 2019 477 quum

479 476 728 575 repente
758 492 944 558 eques
975 471 1124 535 alius
1166 473 1337 555 super
1366 471 1549 534 alium
1584 472 1657 534 ab
1688 472 2021 536 Asdrubale

478 560 680 627 missus
702 604 721 632 ‚
747 574 932 639 vagos
965 553 1027 615 in
1058 552 1300 626 littore,
1326 553 1572 651 quietos
1606 572 1682 615 ue
1718 554 1781 613 in
1815 570 2019 616 tento-

478 644 586 706 riis
625 639 741 703 suis
763 683 783 712 ,
827 632 977 699 nihil
1019 630 1216 695 mimis
1252 653 1435 715 quam
1471 632 1555 694 ho
1604 653 1698 695 em
1737 650 1843 696 aut
1876 654 2021 717 prae-

480 722 632 785 lium
675 740 752 781 eo
791 714 893 778 die
937 712 1377 797 exspeffltntes,
1412 711 1806 775 conscendere
1842 731 2022 776 naves

480 819 735 886 propere
762 815 942 879 atque
975 814 1132 856 arma
1164 812 1373 875 capere
1404 792 1573 872 jubet
1596 814 1611 854 ε
1634 790 1865 855 claffem
1899 796 2020 854 Ro·
2085 839 2096 846 .

417 929 427 937 .
479 900 712 945 mariam
738 877 852 956 jam
879 873 1039 935 haud
1065 870 1276 957 procul
1303 890 1479 955 portu
1504 870 1635 935 effe.
1674 876 1815 935 Haec
1850 892 1883 934 e
1930 872 2019 936 ui-

479 979 572 1025 tes
612 956 822 1041 dimisti
867 953 1066 1038 paffim
1112 951 1498 1044 imperabant.
1540 972 1683 1015 mox
1726 952 1917 1016 Asdru
1962 950 2019 1015 al

478 1040 603 1126 ipse
638 1060 779 1103 cum
807 1035 970 1098 omni
1009 1050 1277 1095 exercitu
1307 1030 1851 1115 aderatzvarioque
1890 1053 2021 1094 om·
2100 1054 2113 1073 ·

479 1121 579 1186 nia
606 1116 873 1184 tumultu
895 1113 1195 1206 strepunt,
1214 1112 1523 1175 ruentibus
1554 1112 1617 1174 in
1644 1132 1825 1177 naves
1849 1110 2019 1175 fimul

480 1200 808 1284 remigibus
857 1193 1260 1275 militibusque
1293 1238 1314 1267 ,
1360 1191 1720 1275 fugientium
1760 1192 1942 1275 magis
1980 1188 2018 1254 ὲ

419 1281 439 1298 ’
481 1301 642 1345 terra
664 1326 685 1355 ‚
709 1278 892 1361 quam
923 1274 1275 1357 inpugnam
1308 1274 1578 1335 euntium
1618 1270 1821 1336 modo.
1876 1272 2021 1335 Vix·

483 1360 634 1425 dum
670 1375 876 1421 omnes
913 1350 1411 1425 conscenderant,
1447 1373 1635 1434 quum
1668 1351 1768 1414 alii
1804 1363 1833 1394 ²
1868 1354 2020 1415 reso·

485 1441 636 1505 lutis
661 1438 785 1501 oris
816 1437 878 1498 in
911 1452 1155 1513 ancoras
1193 1429 1567 1494 evehuntur:
1594 1431 1732 1507 alii,
1766 1452 1841 1497 ne
1867 1431 2017 1516 quid

487 1537 688 1583 teneat
711 1564 732 1593 ,
762 1527 784 1569 ³
813 1511 1104 1577 ancoralia
1125 1510 1403 1573 incidunt
1424 1531 1439 1573 ε
1460 1513 1793 1597 raptimque
1819 1510 2021 1574 omnia

485 1615 853 1691 praepropere
880 1590 1110 1675 agendo
1134 1636 1158 1665 ‚
1181 1590 1439 1653 militum
1472 1609 1753 1683 apparatu
1785 1592 2022 1655 nautica

485 1676 805 1743 ministeria
830 1672 1234 1757 impediuntur
1250 1717 1269 1744 ,
1293 1669 1687 1752 trepidatione
1712 1689 2024 1738 nautarum

288 1782 431 1844 cuffis·
481 1778 702 1843 capere
727 1759 789 1820 δι
816 1770 1014 1837 aptare
1041 1773 1195 1814 arma
1220 1748 1389 1813 miles
1455 1751 1783 1833 rohibetur.
1811 1754 1884 1813 Et
1908 1752 2022 1830 jani

232 1850 394 1917 ξυνίει
481 1843 794 1903 Romanus
833 1774 1507 1921 nonappropinquaffat
1532 1829 1757 1906 modo,
1796 1830 1897 1894 sed
1934 1831 2025 1895 di,

231 1904 440 2019 ζ’ζῗξω
495 1935 726 1985 rexerat
751 1915 930 1980 etiam
949 1912 1013 1975 in
1037 1930 1293 1996 pugnam
1326 1920 1523 1975 naves.
1556 1912 1758 1994 itaque
1790 1930 1911 1973 non
1942 1911 2021 1975 ab

363 1998 398 2084 ⁶,
481 2000 670 2067 :hoste
691 2002 759 2062 δε
785 1992 982 2079 praelio
1002 1992 1189 2073 magis
1219 1990 1463 2065 Poeni„
1504 1990 1640 2054 uam
1662 1994 1893 2055 suomet
1916 1990 2021 2093 ipfi

491 2078 762 2147 tumuitu
798 2074 1063 2147 turbati,
1089 2070 1313 2134 tentata
1352 2071 1477 2135 veri
1522 2090 1549 2133 s
1580 2070 1811 2155 pugna,
1837 2093 2021 2155 quam

491 2160 642 2227 inita
665 2206 687 2234 ‚
713 2159 776 2221 in
809 2154 1011 2247 fugam
1046 2169 1393 2217 averterunt
1431 2149 1681 2217 classem.
1720 2155 1794 2217 Et
1832 2174 2021 2237 quum

491 2238 718 2311 adversi
761 2254 946 2303 amms
989 2252 1059 2296 os
1104 2232 1230 2295 lato
1270 2231 1501 2315 agmine
1541 2251 1610 2294 ac
1654 2249 1778 2297 tam
1820 2233 2023 2301 multis

483 2446 494 2459 “
561 2468 588 2499 2
624 2447 847 2515 Refialun‘s
865 2443 955 2497 oris
972 2446 1020 2496 in
1039 2440 1234 2499 ancoras'

495 2512 788 2575 evehuntur]
830 2513 957 2567 Quia
990 2508 1136 2559 miffae
1170 2510 1227 2558 de

493 2584 650 2646 proris
673 2590 888 2625 .ancorae
923 2609 938 2633 ‚
987 2576 1118 2624 funes
1172 2590 1229 2622 ex

481 2661 588 2711 ,γαρ
623 2646 638 2691 i
671 2676 688 2701 ‚
733 2639 999 2690 statuebant
1048 2653 1227 2697 nawa-‚⁵3

494 2714 578 2773 qui
613 2722 694 2755 am
758 2702 949 2751 funibus
1009 2703 1174 2751 solutis
1206 2734 1225 2760 ,

483 2768 639 2821 'obliti
679 2783 878 2816 ancoras
915 2766 1089 2816 vellere
1128 2782 1227 2831 prae

495 2834 790 2885 festinatione
812 2834 963 2881 nimia
980 2864 996 2891 ‚
1017 2830 1227 2895 proveffi

483 2910 665 2949 -contra
707 2910 908 2945 ancoras
950 2896 1108 2946 adhuc
1156 2909 1227 2941 te-

490 2977 651 3013 nentes
675 2994 692 3020 ,
728 2976 816 3024 pro
849 2958 998 3007 ellunt
1037 2956 1227 3007 easdem

473 3042 650 3075 naves.
685 3024 768 3073 Sed
846 3022 982 3071 cilius
1005 3024 1058 3070 &
1085 3038 1226 3087 expe-

495 3092 636 3143 ditius
666 3103 767 3138 erat
797 3088 928 3153 quod
950 3087 1074 3136 olim
1097 3088 1227 3152 iege-

495 3156 678 3204 batut.=
707 3151 796 3201 alii
826 3149 1054 3217 resbbvunt
1085 3169 1227 3207 oran,

492 3232 577 3284 qut
591 3234 802 3275 ancoram
816 3215 1012 3269 venunt.
1029 3216 1128 3270 om
1142 3213 1225 3269 hic

1289 2442 1603 2509 intelligendae
1630 2446 1737 2495 sunt
1766 2444 2023 2494 retinacula

1291 2511 1461 2573 quibus
1488 2512 1655 2574 puppis
1678 2510 1828 2559 littori
1850 2508 2022 2573 alliga-

1294 2574 1447 2622 batur.
1490 2578 1563 2623 Sic
1596 2588 1625 2622 a
1658 2574 1721 2623 ud
1756 2575 2019 2635 Quintilia-

1289 2654 1407 2690 num
1434 2641 1487 2689 in
1514 2655 1594 2703 pi:⁴
1631 2642 1791 2688 atione
1812 2638 1873 2689 ad
1900 2644 2021 2698 Try·

1287 2704 1501 2763 phonem
1531 2737 1547 2762 ,
1582 2719 1706 2757 oram
1742 2698 2020 2761 solventibus

1292 2766 1397 2813 bene
1456 2780 1656 2815 recemur.
1692 2766 1764 2813 sic
1784 2766 1833 2812 δε
1853 2762 1981 2810 infra
1996 2796 2017 2823 ,

1294 2829 1327 2877 ι.
1370 2836 1411 2877 x
1461 2834 1592 2879 v111.
1628 2841 1670 2876 c.
1714 2834 1789 2885 36.
1828 2826 2019 2875 trabum

1283 2891 1435 2955 scalas
1450 2890 1630 2957 oraes'q1oe
1645 2921 1663 2948 ,
1687 2897 1752 2946 (γ’
1768 2906 2016 2950 ancona„

1280 2955 1546 3024 praecidum.

1356 3097 1377 3139 3
1411 3078 1713 3143 Ancoralia]
1745 3061 1889 3135 funes
1906 3040 2017 3147 ‹iui-

1289 3146 1375 3195 bus
1391 3147 1547 3209 capita
1564 3160 1854 3199 ancoratum
1872 3160 2019 3198 anne·

1263 3224 1349 3267 -xa
1376 3210 1499 3267 sunt.
1597 3254 1616 3285 „-
