2275 3842
499 188 660 269 ‘166
989 186 1122 262 T„
1165 186 1243 281 ⁵L
1300 215 1331 263 1
1384 210 1439 263 v
1480 150 1525 263 ¹1
1580 212 1615 262 r
2193 0 2265 275 q

254 286 716 374 υ.ς.ς,.ς,1κνἰιπι
750 306 942 351 cornu
971 307 1112 351 cum
1145 286 1356 353 dextro
1386 291 1655 353 Romano
1686 287 2049 363 concurrit,'
2264 324 2266 375 i

249 380 363 430 uc·
377 385 483 425 ²16·
503 368 745 435 minime
775 364 1058 450 equestris
1082 388 1249 430 more
1272 386 1480 452 pugnae
1506 390 1522 431 ε
1550 367 1852 433 frontibus
1874 370 2034 433 enim
2261 376 2266 415 ⁴

502 449 754 516 adverfis
789 448 1268 515 concurrendum
1305 466 1467 512 erat:
1494 448 1635 541 quia
1667 448 1832 511 nullo
1869 450 2031 513 circa

505 529 583 595 ad
604 529 970 613 evagandum
995 527 1201 591 relicto
1225 531 1261 591 s
1289 530 1410 592 atio
1431 576 1451 605 ,
1469 528 1611 591 hinc
1638 529 1823 591 amnis
1845 575 1861 602 ‚
1890 530 2033 593 hinc

505 609 777 698 peditum
799 609 956 672 acies
982 621 1004 652 ¹
1037 607 1245 671 claude
1291 609 1477 673 autin
1505 608 1799 675 directum
1822 610 2035 671 utrim·
2264 578 2269 657 l

506 712 628 773 que
662 690 939 753 nitentes.
985 688 1290 753 stantibus
1326 709 1394 753 ac
1424 688 1710 753 confertis
1733 688 2031 771 postremo
2264 688 2268 751 l

507 770 685 835 turba
721 769 895 853 equis
919 815 938 844 ,
981 770 1074 833 vir
1112 771 1313 834 virum
1346 768 1649 853 amplexus
1684 768 2035 841 detrahebat
2266 772 2268 785 '

503 871 692 932 equo.
732 848 993 933 pedestre
1031 866 1239 931 magna
1268 849 1385 928 jam
1417 869 1492 911 ex
1570 866 1694 912 arte
1737 866 2035 911 certamen

506 929 734 994 fastum
770 946 941 991 erat:
979 926 1174 991 acrius
1211 947 1406 992 tamen
1439 950 1519 1013 qu
1560 950 1621 990 m
1656 927 1881 992 diutius
1916 950 2033 1013 pu-

505 1028 755 1093 gnatum
801 1008 884 1071 est
918 1055 938 1085 ,
982 1007 1246 1092 pulsique
1292 1010 1539 1073 Romani
1586 1010 1823 1091 equites
1868 1024 2036 1092 terga

505 1106 770 1154 vertunt.
798 1089 926 1153 Sub
951 1088 1235 1173 equestris
1257 1088 1431 1158 finem
1454 1089 1790 1153 certaminis
1806 1134 1827 1165 ,
1855 1109 2037 1155 coor-

507 1188 571 1234 ta
593 1169 674 1233 est
695 1168 971 1257 peditum
1044 1188 1219 1251 ugna.
1244 1168 1438 1255 primo
1471 1173 1532 1233 δε
1565 1168 1792 1233 viribus
1820 1174 1886 1232 δε
1912 1168 2039 1233 ani-

506 1252 623 1315 mis
654 1270 822 1336 pares
859 1270 978 1312 con
1025 1249 1200 1312 abant
1236 1249 1475 1312 ordines
1518 1248 1705 1311 Gallis
1740 1248 2038 1333 Hispanis-
2244 1260 2275 1392 Ἰ

506 1351 628 1419 que
645 1328 912 1393 :tandem
934 1330 1182 1393 Romani
1210 1328 1314 1393 diu
1340 1351 1407 1393 ac
1431 1332 1495 1391 sae
1540 1350 1573 1392 e
1597 1327 1851 1405 connifi,
1869 1329 2037 1413 aequa

506 1411 708 1473 fronte
727 1409 975 1493 acieque
996 1409 1177 1473 densa
1195 1408 1481 1493 impulere
1545 1409 1755 1473 ostium
1777 1428 2037 1473 cuneum

504 1490 682 1555 nimis
705 1508 943 1553 tenuem
961 1536 980 1566 ,
1009 1510 1205 1572 eoque
1228 1511 1431 1573 parum
1453 1490 1714 1553 validum
1738 1534 1757 1563 ,
1786 1489 1818 1553 a
1839 1508 2040 1553 cetera.

510 1570 948 1654 prominentem
978 1569 1122 1633 acie.
1161 1569 1420 1655 impulfis
1448 1569 1663 1633 deinde
1698 1589 1767 1632 ac
1806 1568 2037 1654 trepide

503 1649 903 1714 referentibus
946 1648 1158 1731 pedem
1200 1648 1453 1713 infistere
1492 1671 1508 1712 ε
1552 1670 1621 1713 ac
1664 1669 1872 1713 tenore
1914 1670 2038 1713 uno

502 1750 610 1813 per
649 1748 904 1813 praeceps
939 1750 1156 1812 pavore
1184 1727 1247 1791 fu
1294 1730 1543 1795 ientium
1568 1747 1777 1814 agmen
1814 1731 1877 1793 in
1912 1750 2036 1794 me-

485 1810 661 1873 ·diam
694 1808 950 1894 primum
983 1810 1173 1887 aciem
1200 1809 1240 1870 il
1269 1812 1351 1876 ati
1369 1838 1389 1887 3
1412 1809 1707 1894 postremo
1740 1808 1906 1874 nullo
1947 1814 2037 1872 're-

501 1888 729 1953 fistente
753 1888 825 1952 ad
850 1888 1092 1952 subfidia
1117 1885 1403 1954 Afrorum
1422 1906 1854 1975 pervenerunt:
1876 1902 1903 1933 ²
1929 1891 2039 1988 qui

501 1969 684 2033 utrim
732 1990 806 2032 ue
851 1968 1110 2032 reductis
1158 1968 1265 2032 alis
1312 1970 1693 2034 constiterant
1722 2016 1744 2043 ,
1793 1968 1989 2033 media
2013 2017 2037 2046 ‚

504 2050 625 2134 qua
659 2054 669 2061 ’
733 2048 829 2111 alli
874 2050 1237 2133 Hispanique
1282 2048 1567 2115 steterunt
1601 2096 1624 2126 ‚
1669 2046 2038 2133 aliquantum

499 2129 875 2215 prominente
896 2128 1042 2193 acie.
1068 2140 1089 2181 ³
1123 2128 1253 2209 Qui
1270 2149 1521 2207 cuneus,
1538 2148 1609 2193 ut
1630 2130 1831 2214 pulsus
1853 2150 2039 2212 aequa-

570 2302 591 2336 1
645 2286 924 2337 claudebant
937 2320 955 2337 .
976 2320 990 2336 .
1007 2320 1021 2334 .
1042 2319 1058 2335 .
1093 2285 1244 2335 niten·
1302 2287 1419 2337 dicit
1450 2302 1649 2356 utraque
1676 2304 1855 2340 cornua
1884 2290 2037 2341 Afro·

504 2360 616 2414 tes]
653 2353 950 2402 claudebant
984 2350 1098 2398 hinc
1135 2354 1240 2401 Ro·
1302 2367 1411 2401 rum
1434 2352 1602 2415 fuiffe,
1634 2353 1715 2405 hic
1744 2352 1848 2401 alas
1873 2370 2033 2405 vocat.

507 2432 714 2476 manos,
738 2414 1038 2465 inde-Gallos
1067 2415 1239 2479 Hispa·
1303 2421 1359 2467 In
1408 2420 1466 2467 iis
1515 2434 1619 2485 quae
1671 2421 1921 2483 sequuntur
1959 2421 2035 2468 hae

506 2483 684 2545 nosque
711 2484 886 2546 equites
909 2514 928 2540 ,
963 2481 1048 2544 qui
1073 2482 1239 2544 proin-
1302 2480 1479 2531 eaedem
1497 2500 1637 2533 voces
1655 2486 1811 2533 rursus
1827 2484 2035 2548 promis-

405 2580 412 2586 .
506 2544 564 2592 de
600 2561 660 2593 co
693 2546 892 2597 ebantur
926 2546 978 2591 in
1012 2543 1243 2595 direaum
1304 2544 1389 2596 cue
1417 2548 1717 2614 usurpantur.

506 2608 656 2656 fronti
696 2625 748 2656 us
770 2607 970 2657 adversis
991 2612 1100 2657 niti.

507 2687 602 2783 .ιεῖ
643 2668 1247 2803 3315322‘15‘52‘52233
1308 2736 1361 2789 10
1376 2690 1399 2797 ‚³
1414 2674 1547 2804 4}ss
1563 2675 2039 2804 32¹:t‘2'3153222221523

508 2796 811 2848 constiterant
846 2833 863 2859 ‚
916 2814 970 2848 ut
1011 2798 1245 2852 efficerent
1307 2804 1409 2851 acie
1437 2836 1455 2861 ‚
1496 2802 1633 2868 pulso
1679 2801 1709 2850 a
1755 2806 1988 2851 Romanis
2016 2835 2037 2863 ,

509 2866 750 2929 utrimque
765 2864 868 2915 alas
887 2866 1146 2913 introrsum
1166 2880 1242 2913 re·
1305 2880 1491 2931 aequata
1541 2864 1751 2933 primurn
1793 2864 1859 2914 est
1904 2864 2040 2915 frons

509 2925 668 2975 ductas
710 2943 768 2976 ac
810 2928 939 2977 velut
978 2930 1201 2977 retradias
1218 2962 1237 2989 ‚
1300 2933 1420 2979 aciei
1434 2928 1864 2991 Ptnnieaeedeinde,
1888 2946 2040 2995 quum

507 2991 760 3041 Gallorum
829 2993 1241 3057 Hispanorumque
1300 2995 1561 3043 niterentur
1583 2993 1777 3045 ulterius
1793 2998 2007 3045 Romani
2020 3028 2041 3054 ‚

509 3057 610 3103 acie
633 3055 758 3105 ultra
782 3054 891 3104 illas
914 3056 1015 3105 alas
1033 3072 1132 3106 non
1152 3072 1241 3121 pa·
1304 3060 1451 3107 etiam
1476 3056 1657 3108 finuata
1678 3074 1735 3109 ae
1750 3059 1881 3109 velut
1900 3068 2047 3109 exca-

509 3135 618 3167 rum
638 3123 948 3183 prominente.
975 3126 1095 3179 Quae
1111 3119 1415 3186 priuixvata
1456 3125 1509 3174 in
1546 3122 1711 3176 medio
1754 3123 1821 3175 est
1865 3126 2043 3175 Puniens

507 3187 698 3235 vocavit
727 3187 882 3239 Livius
914 3201 1075 3236 cornua
1087 3216 1108 3246 ‚
1125 3184 1243 3244 dum
1304 3188 1443 3238 acies.
