2275 3842
6 1692 8 1697 ·
4 1515 18 1671 *ΕΠ-ΙΕ-
4 1457 18 1500 “-
4 1152 19 1438 -Ἡ-ὴ-Τ-
6 1128 8 1137 “

540 243 609 319 L
664 267 791 319 re
845 265 894 320 Ε
948 265 998 320 R
1095 241 1421 320 XXIV.
1592 267 1745 346 333

207 339 411 424 spensi
435 341 607 427 prora
632 388 651 418 ,
678 342 875 408 navim
902 340 963 402 in
991 341 1238 426 puppim
1263 339 1589 405 statuebat:
1609 343 1750 408 dein
1768 349 1822 396 U·
1843 346 2005 406 0538.

206 419 431 488 remiffa
459 421 655 485 subito
680 468 699 497 ‚
725 422 896 486 velut
920 441 995 483 ex
1023 441 1197 484 muro
1219 421 1530 485 cadentem
1551 425 1752 488 navim
1768 408 2004 460 ²·⁰·²¹⁴·

207 521 351 565 cum
394 502 629 585 ingenti
661 501 1059 586 trepidatione
1100 519 1416 564 nautarum
1461 503 1544 567 ita
1586 504 1756 566 undae

208 580 507 664 affligebat
525 627 546 657 ,
570 600 643 644 ut
661 628 681 658 ‚
711 580 931 645 etiamsi
957 580 1114 644 resta
1138 582 1465 658 reciderat,
1488 581 1756 666 aliquan-
1806 658 1811 662 .

208 678 345 724 tum
375 681 541 744 aquae
575 662 891 756 acciperet.
924 665 1029 723 ‘Ita
1066 662 1359 725 maritima
1387 662 1768 746 oppugnatio⁴

214 739 301 802 est
334 739 493 802 elusa
510 787 532 816 ,
562 745 870 825 omnisque
904 740 999 804 vis
1036 739 1117 802 est
1154 741 1230 804 eb
1271 744 1473 818 versa,
1499 760 1569 807 ut
1609 744 1758 806 totis

212 819 444 886 vitibus
490 821 647 882 terra
694 818 1176 912 aggrederentur.
1231 821 1348 884 Se‘d
1394 842 1462 884 ea
1508 842 1759 907 quoque

188 919 355 982 pars
397 899 609 963 eodem
653 922 818 964 omni
860 916 1143 992 apparatu
1193 917 1628 966 tormen-torum
1667 903 1768 966 in·-

218 979 434 1044 struCia
472 999 598 1043 erat
629 1026 650 1056 ,
698 981 979 1067 Hieronis
1019 978 1290 1066 impensis
1343 980 1608 1066 curaque
1653 1003 1762 1066 per

217 1058 445 1123 multos
480 1080 703 1138 annor»,
730 1058 1111 1123 Archimedis
1150 1059 1330 1122 unica
1365 1078 1511 1125 arte.
1549 1080 1762 1126 natura

217 1139 399 1204 etiam
432 1137 673 1220 juvabat
704 1139 826 1204 loci
858 1188 876 1217 ,
918 1139 1089 1224 quod
1135 1141 1378 1215 saxum,
1421 1142 1522 1204 cui
1564 1142 1766 1224 impo-
1807 1151 1812 1155 ’

219 1219 325 1283 fita
348 1221 503 1283 muri
529 1220 907 1284 fundamenta
936 1223 1069 1284 sunt
1094 1265 1115 1298 ,
1147 1240 1242 1282 ma
1285 1241 1358 1282 na
1385 1241 1462 1282 ex
1488 1239 1649 1303 parte
1676 1223 1768 1286 ita-

216 1299 489 1384 proclive
512 1300 594 1364 est
616 1347 637 1376 ‚
663 1319 733 1365 ut
758 1321 879 1364 non
903 1299 1091 1365 solum
1118 1301 1200 1362 nii
1247 1323 1277 1362 a
1301 1306 1637 1377 tormento,
1657 1302 1760 1366 sed

220 1379 403 1444 etiam
434 1403 564 1465 quae
599 1381 861 1468 pondere
895 1381 1001 1444 suo
1034 1380 1353 1466 provoluta
1380 1378 1560 1442 effent
1581 1427 1602 1456 ‚
1629 1399 1762 1462 gra-

218 1460 379 1525 viter
400 1459 460 1523 in
482 1462 709 1526 hostem
729 1461 1079 1524 inciderent.
1102 1459 1312 1524 eadem
1335 1462 1506 1523 causa
1530 1459 1603 1524 ad
1625 1461 1761 1524 sub-

220 1538 488 1607 eundum
520 1542 769 1606 arduum
803 1540 1033 1605 aditum
1067 1539 1512 1624 instabilemque
1529 1541 1762 1624 ingres?-

220 1620 351 1683 sum
378 1621 690 1706 praebebat.
724 1628 819 1685 Ita
850 1620 1093 1684 confilio
1118 1619 1326 1684 habito
1350 1667 1370 1696 ,
1407 1642 1604 1705 quum⁴
1627 1643 1760 1683 om-

184 1715 189 1726 '
222 1699 319 1764 nis
353 1720 606 1766 conatus
645 1701 907 1766 ludibrio
950 1699 1092 1764 effet
1114 1748 1133 1776 ,
1159 1699 1422 1764 abfistere
1459 1721 1764 1786 oppugna-

222 1780 463 1856 tione,
486 1800 667 1864 atque
714 1781 1036 1845 obsidendo
1084 1781 1315 1844 tantum
1361 1801 1562 1845 arcere
1602 1780 1761 1847 terr&

224 1859 495 1942 marique
524 1861 954 1923 commeatibus
978 1859 1208 1922 hostem
1233 1861 1474 1943 placuit.
2014 1889 2018 1896 ·

308 1942 543 2004 XXXV.
587 1940 837 2002 Interim
878 1938 1194 2001 Marcellus
1239 1960 1377 2002 cum
1416 1940 1592 2003 tertia
1635 1939 1760 2004 fere
1827 1939 2037 2014 Marcet-s

226 2035 395 2102 parte
422 2019 719 2084 exercitiis
743 2018 817 2082 ad
841 2018 1206 2103 recipiendas
1229 2019 1406 2080 urbes
1429 2018 1762 2102 profectus,
1786 2027 1846 2070 lus
1883 2028 2025 2100 aliae,

230 2119 363 2181 quae
396 2099 459 2163 in
498 2117 671 2164 motu
708 2120 906 2162 rerum
940 2097 1017 2161 ad
1048 2098 1270 2162 Cartha
1314 2097 1562 2160 inienses
1598 2098 1764 2161 defe-
1783 2085 1900 2198 ᾖξ’*
1936 2097 2024 2139 ““”

229 2194 472 2256 cet-ant,
505 2181 801 2247 Helorum
824 2194 1003 2266 atque
1030 2179 1232 2242 Herbe
1280 2199 1380 2241 um
1408 2176 1765 2244 dedentibus
1851 2174 1866 2191 ⁸

227 2257 363 2340 ipfis
386 2259 616 2346 recipit.
639 2253 877 2346 Megas-a
899 2259 963 2324 vi
986 2276 1156 2352 capta
1180 2257 1366 2322 diruit
1388 2278 1457 2321 ac
1483 2257 1762 2343 diripuit,

228 2336 308 2400 ad
343 2339 712 2423 reliquorum
744 2387 764 2416 ,
814 2361 883 2404 ac
927 2339 1180 2403 maxime
1223 2340 1718 2421 Syracusanorum
1739 2383 1765 2415 ,

230 2432 543 2482 terrorem.
582 2421 699 2482 Per
734 2419 891 2483 idem
926 2417 1053 2482 fere
1094 2437 1330 2504 tempus
1361 2422 1424 2482 &
1461 2417 1728 2482 Himilco
1741 2445 1768 2496 ,·
1836 2444 2022 2492 nimite-

230 2497 342 2580 qui
375 2496 449 2559 ad
480 2499 745 2582 Pachyni
779 2500 1254 2584 promontorium
1285 2497 1516 2562 claffem
1541 2497 1646 2562 diu
1676 2518 1766 2562 te·-
1791 2518 1878 2572 ψ·
1896 2517 2022 2572 ‘05³‘-

231 2593 447 2640 nnerat
465 2621 483 2650 ‚
512 2578 585 2640 ad
620 2579 967 2642 Heracleam
1000 2601 1183 2664 quam
1215 2598 1435 2644 vocant
1467 2578 1764 2656 Minoam,
1789 2574 1987 2664 2‘3‘5‘5325„

233 2656 503 2740 quinque
533 2661 596 2720 &
628 2657 843 2741 viginti
878 2658 1059 2720 millia
1084 2657 1355 2744 peditum
1386 2685 1412 2733 ,·
1445 2659 1558 2722 tria
1599 2660 1773 2744 equi-¹
1795 2674 1940 2724 venie.
2029 2711 2034 2720 .

233 2753 363 2800 tum
380 2783 400 2813 ‚
434 2735 756 2801 duodecim
782 2736 1129 2822 elephantos
1156 2739 1464 2821 exposuit:
1497 2749 1520 2782 ¹
1552 2759 1775 2823 nequa·

233 2837 417 2899 quam
444 2837 587 2882 cum
611 2819 853 2905 quantis
890 2818 1080 2903 copiis
1104 2817 1240 2882 ante
1267 2835 1537 2882 tenuerat
1561 2819 1636 2884 ad
1659 2825 1774 2885 Pa-

304 2979 651 3050 anequaqapm
670 2997 769 3028 cum
788 2977 979 3052 quantis
1040 2980 1235 3032 claffem
1263 3000 1277 3031 ε
1308 2981 1398 3032 five
1428 3015 1446 3041 ,
1489 2997 1600 3031 cum
1629 2982 1780 3048 copiis

236 3051 287 3087 co
317 3047 417 3101 m]
462 3047 587 3090 Cum
623 3047 771 3106 copiis
804 3077 821 3104 ,
872 3059 978 3110 quae
1043 3047 1309 3112 majoribus
1340 3081 1358 3108 ,
1404 3046 1551 3111 quaim
1593 3061 1780 3112 quanta

238 3115 565 3220 surgat-erm
587 3139 605 3164 ,
642 3120 835 3218 {23⁸⁸
846 3123 983 3219 uitat:
1045 3109 1233 3224 {natant
1262 3111 1358 3161 111ae
1375 3145 1394 3172 ,
1423 3126 1534 3161 cum
1567 3110 1738 3212 qulbus
1761 3145 1784 3176 ,

240 3226 373 3294 ptius
392 3203 611 3284 tenuerat,
623 3232 687 3283 ad
710 3185 985 3300 rufinum
1131 3209 1146 3225 ⁸
