2275 3842
534 290 539 295 .
658 221 801 303 L-1
846 243 893 302 Β
936 243 987 300 z
1029 231 1083 302 ιε’
1126 237 1133 246 ’
1170 220 1485 302 XXII.
1673 233 1836 324 '177

284 321 525 390 fuerant
548 369 569 400 ,
646 344 949 392 ervenere.
988 327 1106 388 Eos
1151 345 1362 388 omnes
1399 321 1682 389 Venusini
1724 339 1832 411 per
1855 346 2089 402 meme

280 405 536 468 familias
653 405 870 488 enigne
948 407 1077 468 acci
1124 405 1336 468 iendos
1416 403 1832 491 curandosque
1853 407 2088 454 &02¹⁶-

282 506 475 568 quum
519 484 873 564 divififfent3
898 499 920 531 ¹
965 487 1029 549 in
1097 485 1336 570 mgulos
1381 485 1618 570 equites
1655 504 1828 570 togas

280 569 348 630 δι
382 566 615 630 tunicas
636 614 658 644 ,
695 570 758 631 &
794 581 823 612 ²
906 565 1249 652 uadrigatos
1290 587 1568 631 nummos
1610 568 1834 652 quinos

284 645 532 712 ¹vicenos»
554 693 575 725 ,
610 651 674 712 δε
774 647 887 712 diti
930 671 999 712 us
1027 647 1214 713 denos
1236 693 1258 723 ,
1293 651 1356 712 δε
1381 669 1539 711 arma
1559 696 1579 726 ,
1607 648 1831 731 quibus

283 724 564 804 deerant,
591 727 664 793 de
708 741 884 793 erunt
915 746 1275 814 tceteraque
1313 727 1558 814 publice
1599 749 1668 792 ac
1704 730 1851 814 pri--

283 807 469 871 vatim
492 809 858 896 hospitaliter
882 807 1033 873 facia
1051 812 1071 871 't
1094 827 1511 894 certatumque
1537 829 1614 872 ne
1637 809 1670 872 a
1693 832 1830 873 mu-

217 929 235 941 ι
280 885 430 952 liere
464 891 758 956 Canusina
793 891 1053 988 populus
1087 889 1418 955 Venufinus
1449 889 1665 954 officiis
1697 891 1828 955 vin-

282 987 545 1061 ceretur.
578 971 695 1036 Sed
723 991 964 1056 gravius
997 991 1152 1036 onus
1188 973 1350 1036 Busae
1383 970 1714 1035 multitudo
1740 970 1829 1036 fa-

284 1049 483 1114 ciebat
496 1055 604 1126 ‚.&
620 1053 738 1134 jam
762 1051 835 1114 ad
861 1052 1070 1116 decem
1093 1051 1277 1115 millia
1299 1051 1614 1115 hominum
1641 1069 1827 1117 erant.

283 1130 635 1218 Appiusque
656 1136 720 1197 δι
746 1132 947 1216 Scipio
972 1133 1284 1218 postquam
1311 1131 1679 1212 incolumem
1709 1131 1825 1195 effe

283 1210 539 1276 alterum
574 1214 879 1278 consulem
918 1231 1277 1299 acceperunt
1317 1260 1338 1288 ,
1381 1213 1670 1276 nuncium
1713 1231 1826 1276 ex-

284 1291 513 1377 templo
544 1295 824 1371 mittunt,
893 1312 1081 1358 uantae
1110 1297 1309 1358 secum
1348 1292 1618 1377 peditum
1654 1294 1824 1378 equi-

183 1393 193 1404 ·
284 1388 540 1458 tumque
581 1376 769 1459 copiae
812 1395 845 1438 e
892 1393 994 1437 ent
1029 1403 1051 1451 3
1089 1374 1570 1459 sciscitatumque
1609 1372 1779 1438 fimul
1800 1421 1824 1451 ,

282 1451 489 1517 utrum
506 1455 820 1520 Venufiam
844 1455 1061 1520 adduci
1087 1454 1420 1518 exercitum
1438 1502 1460 1530 ‚
1488 1475 1560 1518 an
1586 1475 1824 1518 manere

280 1531 518 1618 juberet
556 1535 813 1601 Canufii.
863 1542 1059 1602 Varro
1098 1537 1221 1621 ipse
1259 1535 1583 1600 Canusium
1618 1535 1823 1621 copias

282 1615 568 1681 traduxit.
597 1616 810 1699 Etiam
834 1617 1031 1702 aliqua
1058 1616 1281 1701 species
1304 1613 1624 1680 consularis
1649 1636 1824 1680 exer-

282 1695 441 1760 citiis
483 1698 1085 1783 eratzmoenibusque
1110 1699 1168 1762 se
1194 1696 1397 1772 certe,
1429 1706 1450 1750 ³
1488 1696 1528 1759 fi
1564 1717 1686 1760 non
1719 1719 1817 1762 ar·
1897 1712 2055 1756 Pavor
2146 1767 2174 1780 f

282 1776 428 1851 mis»,
453 1778 524 1840 ab
566 1778 732 1842 hoste
774 1777 1130 1843 videbantur
1171 1776 1490 1841 defensuri.
1526 1781 1775 1843 Romam
1797 1768 2081 1873 ,ss'x”'
2145 1787 2153 1794 “

282 1876 363 1922 ne
400 1855 506 1920 has
541 1859 785 1943 quidem
830 1858 1109 1944 reliquias
1152 1857 1438 1944 superesse
1473 1858 1698 1923 civium
1729 1862 1821 1924 so-
1984 1855 1999 1871 ‘

284 1937 643 2026 ciorumque
660 1987 683 2019 ,
710 1937 813 2005 sed
838 1952 870 1995 4
894 1938 1213 2005 occidione
1237 1939 1469 2003 occisos
1501 1959 1643 2003 cum
1669 1940 1825 2005 duo-

283 2148 288 2153 ·
352 2099 373 2133 1
405 2087 467 2136 In
482 2084 685 2153 singulos
702 2085 877 2155 equites
895 2099 1023 2155 togas
1084 2084 1437 2136 honestioribus
1455 2081 1644 2134 tantum
1663 2085 1716 2133 in
1739 2085 1826 2136 usu

286 2155 356 2206 (9¹
396 2151 608 2214 tunicas]
657 2153 783 2201 Hinc
814 2187 832 2213 ‚
871 2155 923 2202 δι
966 2165 1023 2200 ex
1086 2147 1223 2200 fuiffe
1244 2186 1260 2210 ,
1292 2166 1405 2216 puta
1427 2149 1662 2216 equitibus
1679 2184 1697 2211 ,
1718 2165 1827 2201 cen·-

285 2214 395 2263 aliis
448 2214 615 2265 itidem
674 2219 799 2265 Livii
866 2216 983 2266 locis
1003 2249 1022 2276 ‚
1086 2215 1389 2276 tutionibus,
1413 2218 1510 2264 &c-

288 2283 465 2338 xxlx.
492 2296 534 2338 3.
566 2284 617 2332 ὅ(
642 2290 718 2339 36.
748 2287 914 2332 XLIV.
944 2289 1021 2328 ιε.
1149 2296 1176 2328 z
1301 2279 1566 2345 uadi-igneos
1624 2295 1828 2330 nummos

288 2351 419 2408 patet
438 2357 491 2395 to
524 2361 575 2396 as
593 2349 741 2398 etiam
760 2344 790 2396 ὲ
810 2345 1025 2396 militan-
1090 2347 1254 2414 quinos
1280 2350 1506 2406 vicenos]
1542 2345 1719 2392 Uncias
1744 2359 1829 2392 ar·-

288 2410 416 2460 tibus
434 2425 465 2474 g
562 2427 648 2462 tas.
678 2415 745 2460 At
766 2410 926 2477 primo
950 2413 1027 2460 in·
1091 2413 1222 2476 genti
1264 2409 1409 2459 Paris.
1449 2422 1544 2456 tres
1577 2423 1688 2456 cum
1735 2424 1834 2458 una

291 2473 604 2540 telligendum
659 2474 725 2524 est
778 2493 856 2524 eos
905 2476 1029 2540 togis
1094 2476 1262 2524 oetava
1291 2475 1441 2524 unciae
1474 2485 1638 2538 parte:
1660 2472 1836 2532 denos,

290 2539 399 2588 usos
425 2536 515 2588 effe
532 2575 550 2601 ‚
584 2555 685 2590 non
710 2542 761 2588 in
785 2543 886 2590 acie
907 2572 922 2596 ,
952 2538 1031 2588 sed
1093 2542 1289 2588 unciam
1313 2554 1460 2588 unam
1484 2553 1596 2588 cum
1619 2552 1714 2586 uno
1740 2552 1837 2586 uu»-

290 2606 345 2652 in
379 2604 592 2662 hibernis
620 2620 703 2654 aut
728 2607 785 2654 iu
812 2607 917 2654 otio
953 2619 1032 2652 ca·
1095 2608 1184 2653 οἰκ
1211 2603 1488 2670 quadrante.

291 2667 517 2720 strorum.
548 2669 730 2719 Deinde
748 2684 803 2718 ex
823 2686 882 2718 eo
900 2667 1031 2734 quod
1161 2684 1181 2728 3
1217 2670 1271 2717 si
1295 2684 1383 2716 non
1404 2667 1590 2730 armis]
1615 2673 1732 2734 Lege
1754 2665 1836 2732 etfi

291 2731 375 2782 hic
420 2734 637 2784 solorum
686 2737 901 2798 equiturn
950 2731 1033 2782 fiat
1096 2750 1184 2782 non
1214 2733 1374 2783 armis.

294 2801 482 2849 mentio
502 2833 520 2859 ‚
553 2802 605 2849 &c
636 2800 685 2848 in
711 2799 897 2848 duobus
924 2798 1035 2847 ulti·
1159 2813 1194 2856 4
1242 2794 1478 2846 occidione
1526 2795 1688 2859 occisos
1736 2810 1836 2844 cun

158 2901 171 2908 -
240 2901 262 2906 -
294 2867 387 2912 mis
428 2864 547 2913 locis
584 2863 723 2929 supra
760 2865 1038 2914 memoratis
1100 2859 1274 2910 duobus
1303 2857 1572 2909 exercitibus
1601 2858 1841 2924 consules]

294 2943 519 2980 numerus
542 2945 766 2994 togarum
792 2943 895 2995 quae
922 2931 1037 2976 mit·
1073 2927 1077 2931 ’
1104 2931 1190 2976 Ma
1227 2929 1264 2974 is
1314 2925 1520 2990 placeret
1557 2943 1568 2971 ε
1605 2924 1843 2973 occidione

294 3007 457 3042 tuntur
495 2994 558 3042 ad
597 2997 822 3044 exercitus
844 3029 860 3054 ,
896 2991 1040 3058 longe
1101 2941 1288 3055 occiJum
1320 3005 1420 3037 cum
1450 2987 1623 3038 duobus
1652 2987 1843 3050 consuli-

296 3061 457 3106 minor
491 3055 549 3106 fit
576 3060 844 3108 tunicarum
876 3074 1044 3107 nume·
1107 3055 1191 3104 bus
1226 3056 1488 3103 exercitum.
1539 3058 1652 3102 Haee
1683 3052 1851 3101 forma·
1949 3085 1954 3090 -

293 3137 353 3170 ro
383 3155 401 3182 ,
438 3139 525 3172 nec
560 3119 791 3173 sufficiens
830 3120 1047 3188 profecto
1110 3118 1338 3185 loquendi
1363 3117 1587 3167 occidione
1603 3117 1745 3166 occidi
1761 3132 1848 3181 ap-

294 3184 359 3234 ad
379 3199 536 3236 totum
558 3188 826 3236 exereitum
848 3186 1047 3237 vestien-
1113 3183 1207 3233 tius
1225 3183 1357 3232 cadit
1383 3185 1436 3230 in
1461 3180 1815 3236 multitudinem
1834 3213 1861 3238 ,

298 3249 422 3302 dum
437 3285 457 3314 ,
497 3252 637 3320 sequi
676 3252 863 3308 videtur
916 3265 1055 3318 togas
1118 3248 1278 3315 quam.
1298 3249 1354 3299 in
1380 3245 1750 3373 duolslhemines
1772 3247 1871 3296 aaa
