2275 3842
836 93 899 132 l

441 200 601 295 320*
928 192 1022 270 T.
1120 191 1188 268 L
1235 215 1274 270 1
1315 214 1368 272 v
1409 219 1444 270 1
1491 206 1528 272 1'
1615 198 1623 208 '
2015 279 2031 288 ,

186 307 419 363 tls-538.
446 289 655 360 validae
702 289 1025 358 elustandae
1077 312 1286 359 manus
1333 293 1517 362 effent
1553 340 1573 370 ‚
1609 293 1728 357 sese
1771 294 2006 380 eripite:

159 367 427 444 ‚PG-²¹4·
456 389 635 438 runt:
663 371 902 436 tandem
937 372 1290 440 vulneribus
1324 374 1608 439 confe&ae
1642 395 1830 459 quum
1869 396 2008 441 om-

390 475 393 480 ·
454 453 554 518 nia
590 450 902 536 repleffent
934 454 1216 537 sanguine
1241 503 1262 532 ,
1295 456 1598 520 exanimes
1623 471 2006 519 corruerunt.

431 531 821 618 Caedemque
860 555 964 618 per
1001 536 1075 596 se·
1094 535 1486 598 miserabilem
1518 533 2006 599 miserabiliorem

457 615 627 678 casus
670 612 817 676 fecit
838 660 854 689 ,
894 612 1064 698 quod
1086 614 1279 699 ‘paulo
1324 615 1453 701 post
1497 616 1755 679 nuncius
1791 616 1962 678 venit
1983 658 2009 690 ‚

458 695 708 762 mutatis
740 694 983 778 repente
1022 694 1098 758 ad
1134 695 1599 759 misericordiam
1637 694 1844 758 animis
1869 739 1890 770 ,
1929 715 2033 758 ne-

458 774 962 840 interficerentur.
1002 779 1100 838 Ira
1137 774 1350 840 deinde
1381 797 1456 839 ex
1487 774 1884 839 misericordia
1909 791 2015 838 or-

462 873 565 932 ta,
632 853 761 918 uod
796 855 947 919 adeo
979 854 1318 933 festinatum
1357 855 1434 919 ad
1459 857 1565 939 sup
1607 854 1860 930 licium,
1897 875 2015 918 ne-

464 955 589 1028 que
644 953 794 996 ocus
827 935 1168 1019 poenitendi
1195 981 1216 1012 ‚
1249 953 1354 1000 aut
1377 954 1546 1019 tegre
1593 957 1663 999 us
1691 935 1765 998 ab
1796 935 1880 998 ira
1913 955 2018 998 re-

466 1015 672 1085 Iustus*
695 1012 855 1080 effet.
896 1016 1099 1100 itaque
1147 1015 1399 1080 fremere
1443 1015 1772 1080 multitudo
1791 1063 1813 1090 ‚
1851 1017 1915 1077 &
1952 1015 2022 1078 in

466 1096 679 1160 locum
732 1094 1152 1163 Andranodori
1187 1117 1256 1159 ac
1295 1096 1582 1177 Themisti⁴
1615 1099 1799 1176 (nam
1837 1095 2022 1158 ambo

470 1193 753 1260 praetores
788 1177 1073 1256 fuerant)
1115 1176 1362 1240 comitia
1395 1178 1636 1260 poscere
1681 1197 1696 1238 ε
1741 1195 1872 1259 quae
1913 1195 2020 1238 ne-

472 1276 778 1340 quaquam
816 1276 893 1319 ex
928 1256 1212 1320 sententia
1243 1273 1556 1341 praetorum
1585 1255 1787 1319 futura
1809 1252 2020 1318 effent.

558 1339 804 1400 XXVII.
838 1338 1108 1400 statutus
1138 1336 1223 1400 est
1253 1336 1512 1400 comitiis
1537 1335 1698 1398 dies:
1721 1356 1849 1419 quo
1876 1355 2023 1399 nec»

472 1415 865 1498 opinantibus
889 1416 1167 1482 omnibus
1191 1437 1344 1482 unus
1365 1437 1440 1479 ex
1459 1416 1668 1480 ultima
1691 1415 1868 1478 turba
1885 1414 2024 1501 Epi-

258 1512 457 1571 Ερὶῳᾱυ
481 1496 695 1578 cydem
741 1497 1071 1562 nominavit
1092 1544 1113 1572 ,
1155 1514 1285 1562 tum
1323 1495 1462 1559 inde
1503 1495 1653 1559 alius
1691 1497 2024 1581 Hippocra-

221 1575 454 1672 &1:1in
483 1594 625 1640 tem.
656 1575 985 1640 crebriores
1010 1576 1227 1639 deinde
1254 1597 1334 1640 eae
1359 1597 1542 1641 voces
1559 1621 1581 1649 ,
1607 1578 1669 1638 &
1693 1597 1831 1639 curn
1857 1575 2024 1639 haud

221 1643 457 1743 2:225}ssssss
484 1656 670 1720 dubio
700 1655 915 1718 affensu
942 1655 1342 1719 multitudinis
1367 1655 1497 1719 effe.
1525 1661 1600 1718 Et
1625 1673 1751 1720 erat
1775 1655 2025 1720 confusa

475 1735 699 1799 concio
721 1780 741 1809 ‚
782 1754 901 1814 non
928 1735 1200 1820 populari
1225 1735 1412 1800 modo
1428 1781 1449 1812 ,
1475 1734 1574 1798 sed
1599 1735 1838 1799 militari
1864 1758 2028 1819 quo-

476 1836 603 1900 que
626 1813 799 1878 turba
820 1859 841 1889 ,
866 1833 1075 1898 magna
1102 1835 1176 1880 ex
1197 1834 1362 1901 parte
1392 1815 1571 1878 etiam
1634 1813 1861 1898 erfugis
1876 1860 1897 1890 ‚
1915 1816 2028 1899 qui

473 1895 680 1960 omnia
716 1915 938 1959 novare
979 1895 1297 1979 cupiebant
1324 1944 1344 1973 ,
1384 1895 1569 1982 'per-mi
1619 1897 1690 1960 is.
1737 1902 2030 1959 Praetores

474 1975 837 2040 diffimulare
876 1975 1072 2061 primo
1096 2024 1117 2052 ‚
1149 1989 1170 2020 ¹
1212 1981 1274 2040 &
1309 1975 1598 2040 trahenda
1638 1995 1700 2038 re
1736 1974 1848 2038 effe
1871 1997 1886 2038 ε
1911 1997 2032 2058 po-

268 2095 284 2130 t
480 2054 700 2122 stremo
735 2055 879 2121 vieti
917 2058 1240 2134 consensu,
1272 2060 1336 2120 &
1372 2056 1718 2120 seditionem
1758 2073 2036 2119 metuen-

482 2155 616 2211 teS,
654 2137 1050 2221 pronunciant
1081 2157 1186 2200 eos
1219 2154 1516 2221 praetorer..
1559 2143 1692 2199 Nec
1719 2134 1806 2197 illi
1835 2134 2035 2221 primo
2095 2171 2104 2180 ·

482 2217 675 2282 statim
713 2217 896 2280 creati
939 2216 1162 2282 nudare
1195 2217 1346 2300 quid
1383 2216 1606 2282 vellent
1635 2240 1658 2290 ς
1691 2237 2034 2301 quanquam

482 2315 636 2381 aegre
676 2296 945 2361 ferebant
966 2341 986 2369 ,
1013 2300 1074 2359 δε
1119 2296 1195 2360 de
1235 2297 1496 2360 induciis
1543 2295 1778 2360 dierum
1820 2296 2038 2362 decem
2085 2337 2096 2348 ·

485 2377 719 2460 legatos
748 2375 845 2438 ifle
870 2376 945 2438 ad
974 2374 1240 2461 Appium
1266 2376 1593 2440 Claudium
1611 2379 1727 2453 ,ἃ
1751 2377 2037 2462 impetra-

480 2460 567 2522 ·tis
598 2458 682 2520 eis
718 2455 899 2532 alim,
924 2455 1029 2538 qui
1067 2455 1142 2520 de
1176 2455 1418 2521 foedere
1452 2456 1707 2549 antiquo
1743 2477 2040 2522 renovan-

488 2541 570 2602 do
598 2547 840 2619 agerent
864 2580 884 2610 ,
919 2531 1137 2600 missos.
1179 2536 1278 2598 Ad
1307 2543 1706 2621 Murgantiam
1733 2554 1868 2601 tum·
1889 2535 2038 2600 clas-

480 2619 609 2680 ‘sem
642 2614 882 2679 navium
914 2632 1161 2679 centum
1197 2619 1497 2681 Romanus
1538 2617 1794 2680 habebat
1815 2663 1835 2700 2
1869 2614 2038 2701 quo-

487 2717 625 2760 nam
655 2693 972 2760 evaderent
1006 2713 1210 2760 motus
1241 2718 1318 2761 ex
1355 2697 1614 2762 caedibus
1644 2716 2036 2780 tyrannorum

487 2777 611 2840 orti
650 2774 941 2858 Syracufis
964 2823 986 2852 ‚
1023 2775 1228 2864 quove
1268 2799 1372 2848 eos
1410 2795 1611 2860 ageret
1655 2797 1811 2842 nova
1857 2794 1914 2839 at
1961 2797 2040 2840 ue

486 2855 723 2920 ‘insolita
759 2854 1001 2919 libertas
1030 2903 1051 2933 ‚
1098 2858 1434 2944 opperienS.
1477 2861 1593 2920 Per·
1629 2858 1867 2921 eosdem
1951 2875 2048 2920 ies

492 2957 684 3019 quum
726 2935 801 2999 ad
846 2937 1196 3002 Marcellum
1243 2937 1581 3005 venientem
1621 2937 1686 3000 in
1731 2935 1994 3001 Siciliam
2015 2983 2043 3013 ,

488 3119 954 3250 ttraiufssntmmu
977 3147 1025 3184 re
1054 3129 1176 3198 effe]
1207 3136 1266 3183 In
1295 3149 1355 3184 eo
1387 3130 1479 3184 effe
1497 3167 1519 3195 ‚
1549 3131 1598 3185 id
1625 3146 1764 3201 agere
1791 3165 1810 3196 ,
1850 3145 1904 3182 ut
1939 3147 2050 3184 ren
