2275 3842
681 216 831 290 Ls1
879 231 923 290 'B
974 234 1020 290 Ε
1071 237 1123 288 R
1228 205 1526 290 XXII.
1723 230 1876 314 175

326 311 694 400 perexiguo,
720 315 811 379 uti
859 335 935 380 ue
962 315 1285 378 militantes
1304 363 1324 391 ,
1351 315 1712 396 utebantur)
1743 339 1869 380 om-
1893 317 2127 380 uene:

325 397 424 460 nis
456 415 653 458 cetera
684 419 797 482 prae
842 419 873 459 a
908 395 1237 480 diripienda
1271 395 1406 460 data
1437 396 1535 460 est.
1585 402 1741 462 Tum
1773 401 1868 462 se-
1948 439 2062 481 pm

327 475 587 560 peliendi
618 477 795 544 caus&
826 477 1089 542 conferri
1116 478 1180 540 in
1219 499 1404 541 unum
1441 499 1696 562 corpora
1733 481 1866 544 suo·
1894 498 2032 564 8090.
2055 496 2106 538 in
2203 534 2213 542 ,

326 579 463 621 rum
488 557 663 638 justit.
700 557 797 622 Ad
830 559 971 622 osto
1010 557 1204 626 millia·
1224 557 1396 623 fuiffe
1430 559 1718 624 dicuntur
1745 559 1872 625 for·
1889 566 1978 600 ’θ’
2001 551 2098 610 “fi-

326 638 679 702 tiffimotum
704 641 991 703 virorum.
1030 639 1359 704 Consulem
1383 662 1508 726 quo
1556 661 1631 703 ue
1655 644 1877 706 Roma-

328 737 475 788 num
497 720 897 804 conquisitum
921 719 1373 806 sepultumque,
1442 723 1504 785 ui
1549 743 1642 784 am
1663 723 1874 786 audio·-

326 817 427 862 1es
453 802 605 864 sunt.
638 805 752 864 Eos
772 849 791 876 ‚
818 801 923 884 qui
954 800 1275 866 Canufium
1299 823 1403 887 per
1434 821 1714 886 ugerant,
1737 827 1872 868 mu-

326 878 439 942 lier
471 880 707 965 Apula,
743 882 985 945 nomine
1010 883 1199 958 Busa,
1227 901 1444 966 genere
1483 884 1639 946 clara
1669 906 1738 948 ac
1768 885 1867 948 di·-

324 960 534 1038 vitiiS‚
561 961 869 1026 moenibus
908 961 1139 1026 tanturn
1171 964 1460 1048 tee'tisque
1494 964 1530 1027 ὲ
1555 964 1869 1032 Canufinis
1935 995 1939 1000 ·

324 1061 609 1127 acceptos
628 1091 648 1118 ,
677 1041 983 1106 frumento
1005 1089 1025 1116 ‚
1050 1043 1210 1107 veste
1233 1091 1250 1120 ,
1279 1045 1503 1110 viatico
1541 1047 1722 1114 etiam
1763 1047 1862 1127 ju-

326 1121 419 1185 vit
442 1144 461 1201 ;
487 1145 597 1206 pro
632 1145 750 1208 qua
774 1124 831 1186 ei
864 1123 1267 1186 munificentia
1304 1124 1502 1220 postea
1537 1125 1698 1189 bello
1728 1147 1866 1210 pere
1901 1204 1906 1208 ¹

324 1201 487 1267 festo
514 1204 587 1268 ab
614 1206 815 1268 senatu
842 1203 1105 1268 honores
1128 1204 1320 1268 habiti
1345 1208 1498 1270 sunt.
1739 1277 1746 1282 ‚

402 1289 567 1347 LIII.
608 1282 899 1347 Ceterum
922 1331 942 1360 ,
981 1307 1172 1370 quum
1209 1287 1293 1350 ibi
1332 1285 1562 1350 tribuni
1599 1285 1864 1352 militum

320 1383 585 1450 quatuor
627 1365 809 1428 essent
842 1411 863 1440 ‚
905 1366 1114 1428 Fabius
1158 1367 1454 1430 Maximus
1496 1365 1571 1430 de
1621 1368 1865 1450 legione

323 1447 511 1530 prima
529 1495 545 1521 ‚
568 1446 739 1527 cujus
764 1465 929 1532 pater
947 1445 1146 1532 priore
1173 1468 1326 1510 anno
1350 1446 1605 1510 dictator
1625 1447 1824 1511 fuerat
1842 1496 1870 1524 ,

320 1531 387 1592 &
438 1526 513 1590 de
566 1527 800 1610 legione
846 1525 1115 1590 secunda·
1151 1533 1218 1591 L.
1262 1527 1573 1590 Publicius
1611 1529 1870 1609 Bibulus

324 1613 393 1674 &
420 1610 486 1670 P.
535 1607 857 1677 Cornelius
900 1607 998 1670 Sci
1044 1607 1142 1682 io,
1180 1611 1246 1672 δε
1291 1607 1365 1670 de
1407 1607 1644 1692 legione
1681 1610 1863 1674 tertia

321 1689 558 1774 Appius
584 1686 876 1752 Claudius
904 1690 995 1752 Pu
1022 1688 1169 1751 chet
1193 1736 1212 1766 ‚
1251 1689 1358 1774 qui
1385 1689 1657 1773 proxime
1679 1690 1869 1754 aedilis
1937 1690 1946 1697 '

323 1769 522 1834 fuerat
548 1803 567 1846 3
594 1769 862 1832 omnium
887 1772 1170 1833 consensu
1198 1769 1269 1833 ad
1294 1773 1360 1833 P.
1390 1771 1728 1856 Scipionem
1757 1771 1866 1838 ad-

319 1851 569 1915 modum
617 1849 1048 1914 adolescentem
1084 1895 1104 1925 ,
1156 1854 1219 1915 &
1258 1851 1333 1916 ad
1376 1856 1493 1936 Ap.
1533 1846 1866 1916 Claudium
1906 1872 1912 1878 ·

322 1935 548 1998 summa
570 1930 802 2016 imperii
827 1929 1022 1995 delata
1048 1929 1158 1998 est..
1187 1931 1436 2014 Quibus
1468 1933 1868 2003 consultanti-

283 2014 437 2078 ‘bus
472 2014 626 2076 inter
670 2031 893 2094 paucos
936 2012 1011 2076 de
1059 2013 1281 2076 sum‘ma
1325 2034 1522 2076 rerum
1555 2061 1576 2091 ,
1615 2017 1868 2080 nunciat

320 2101 393 2162 P.
421 2093 627 2158 Furius
654 2092 862 2157 Philus
888 2093 1210 2156 consularis
1236 2093 1349 2158 viri
1372 2093 1528 2157 filius
1545 2141 1568 2170 ,
1603 2099 1858 2180 Neqm'c-
1909 2113 2181 2183 confes-qs
2229 2101 2241 2110 ‘

320 2194 491 2262 quam
516 2199 604 2239 eos
623 2177 903 2260 perditam
988 2197 1071 2238 em
1081 2178 1282 2256 fovere
1303 2203 1322 2237 .·
1351 2178 1684 2258 desperatam
1711 2201 1856 2241 com·
1877 2174 1936 2218 '¹⁸⁰
1953 2174 2093 2274 βξ·

312 2260 703 2343 ploratamque
733 2279 849 2318 rem
950 2281 976 2318 e
1002 2256 1316 2340 publicam.
1359 2256 1593 2320 Nobiles
1619 2267 1857 2332 juvenes
1877 2247 1949 2334 ’25²2'
1965 2242 2120 2340 ‘23:22

363 2343 577 2423 uosdam
594 2382 613 2410 ,
640 2361 871 2421 quorum
884 2341 1199 2422 principem
1230 2348 1291 2401 L.
1328 2337 1618 2400 Caecilium
1645 2341 1856 2401 Metel-

304 2364 473 2493 ⁴qum,
504 2443 657 2483 mare
721 2444 751 2480 c
778 2442 951 2482 naves
964 2422 1216 2504 spedare
1232 2463 1254 2490 ,
1280 2439 1344 2481 ut
1359 2463 1382 2492 ,
1409 2419 1621 2497 deserti
1645 2420 1866 2495 Italici,
1933 2490 1942 2494 ‚

320 2506 397 2568 ad
424 2524 619 2584 regum
653 2525 685 2562 a
713 2504 899 2583 iquem
936 2503 1336 2582 tranffugiant.
1376 2499 1567 2578 Quod
1596 2501 1815 2565 malum
1835 2546 1864 2580 ,

319 2602 705 2669 praeterquam
740 2598 910 2642 atrox
930 2625 950 2654 ,
992 2581 1163 2664 supet
1198 2598 1290 2643 tot
1323 2579 1519 2643 clades
1545 2580 1724 2644 etiam
1749 2603 1866 2646 no-

320 2685 469 2731 vum
490 2711 511 2739 ‚
531 2683 719 2747 quum
752 2661 989 2747 stupore
1020 2681 1089 2723 ac
1128 2661 1416 2726 miraculo
1449 2662 1721 2746 torpidos
1753 2662 1866 2727 de-

308 2743 571 2819 fixiffet,
600 2747 662 2808 δε
702 2740 809 2828 qui
851 2741 1092 2804 aderant
1132 2752 1156 2784 ¹
1206 2741 1515 2806 confilium
1556 2742 1859 2808 advocan-

316 2825 468 2892 dum
505 2825 582 2890 de
619 2845 694 2888 eo
734 2825 1076 2901 censerent3
1099 2839 1279 2908 negat
1316 2821 1542 2888 confini
1576 2845 1703 2889 rem
1739 2824 1862 2892 effe

313 2988 430 3038 faffi
456 3021 473 3046 ,
517 2987 701 3052 argenti
759 2986 999 3036 elaborati
1035 3009 1053 3046 ·,
1120 3001 1214 3052 pro
1245 2983 1515 3046 concilium,
1555 2989 1606 3036 &
1644 2984 1864 3049 concili&

316 3071 417 3121 quo
450 3051 515 3101 ad
551 3049 832 3104 vescendum
866 3067 1055 3102 uteren-
1105 3055 1190 3111 ,ita
1211 3053 1476 3119 postulante
1497 3055 1649 3101 Latini
1678 3053 1860 3101 sermo·

312 3135 409 3170 tur.
868 3122 872 3126 “
1120 3120 1194 3165 nis
1211 3135 1300 3185 pto
1335 3120 1516 3166 rietate.
1539 3121 1604 3166 At
1622 3117 1766 3183 paulo
1783 3119 1861 3166 in·

286 3199 291 3206 ’
385 3195 405 3229 1
460 3178 750 3245 Consilium]
814 3178 1057 3228 Edidimus
1093 3177 1198 3229 'fta
1225 3200 1274 3231 re
1321 3179 1345 3231 ὲ
1375 3181 1595 3230 scribitur
1624 3179 1862 3229 concilium

312 3245 542 3315 confilium
566 3281 583 3309 ,
621 3248 671 3296 δε
700 3257 817 3296 mox
846 3243 1019 3309 confilu'
1036 3276 1056 3307 ‚
1119 3247 1345 3308 iuvenum
1379 3244 1438 3294 de
1473 3244 1724 3294 dest-tenda
1759 3247 1858 3294 Ita.-

1435 3311 1498 3371 H
1528 3307 1620 3391 iiij

1891 384 2125 430 a.C·216.'
2225 381 2237 397 s
