2275 3842
581 186 648 262 L
701 212 736 262 1
787 206 835 261 Β
884 206 932 261 r.
979 208 1031 260 n
1131 186 1425 263 XXII.
1602 198 1762 291 'iq-5

233 285 368 355 fust
394 283 462 353 &
483 284 635 353 servi
659 286 927 370 quinque
949 288 1014 349 ac
1036 284 1249 375 viginti
1271 287 1332 349 in
1354 306 1595 351 crucem
1614 290 1725 353 asti
1739 336 1762 365 ,
1798 266 1910 357 uc:
1922 321 2031 367 ‹3³-

238 366 405 453 qubd
430 367 492 447 in
529 388 739 451 campo
764 366 983 436 Martio
1017 366 1427 447 conjuraffent.
1452 368 1633 431 indici
1661 370 1765 433 da-
1796 372 2032 424 ‘bc-2¹?-

235 466 296 515 ta
323 447 602 521 libertas,
628 450 690 509 δε
721 458 742 490 ¹
781 446 906 509 aeris
943 446 1136 527 gravis
1166 446 1381 529 viginti
1416 447 1614 511 millia.
1652 454 1765 512 Le-
1823 503 1825 505 ,
1854 466 2011 532 &gagi

235 527 356 609 gati
379 530 442 589 δε
466 525 541 589 ad
567 525 910 613 Philippum
931 524 1327 590 Macedonum
1354 546 1555 612 regem
1580 528 1725 591 miffi
1744 575 1766 605 ,
1797 523 1843 568 ἰ*
1879 535 2019 589 ‘⁰⁴5¹‘

239 606 312 669 ad
345 604 784 690 deposcendum
819 618 848 649 ²
889 606 1263 668 Demetrium
1299 607 1581 671 Pharium
1602 654 1623 684 ‚
1658 610 1768 692 qui
1797 580 1886 625 tm
1898 578 2021 632 'ff'

185 698 194 705 ·
243 685 402 748 bello
423 686 617 751 vietus
639 684 712 749 ad
733 704 872 761 eum
895 684 1135 767 fiigiffet
1157 708 1173 747 ε
1192 690 1257 749 &
1278 686 1375 749 alii
1401 688 1469 750 in·
1486 688 1733 771 Ligures
1746 735 1771 765 ,

239 766 315 828 ad
347 764 833 849 expostulandum
862 764 1032 847 quod
1063 771 1327 829 Poenum
1358 767 1575 851 opibus
1609 769 1773 831 auxi-

239 844 450 928 liisque
492 845 610 910 suis
647 843 922 927 juviffent
953 872 976 921 3
1020 842 1186 907 fimul
1228 845 1301 908 ad
1334 848 1651 911 -visendum
1690 867 1773 914 ex

243 925 582 1009 propinquo
605 970 623 997 ‚
652 944 782 1009 quae
807 924 868 987 in
894 922 1058 987 Boiis
1087 942 1267 1009 atque
1292 927 1637 993 Insubribus
1664 945 1775 1021 ge-

243 1021 534 1069 rerentur.
560 1004 658 1067 Ad
683 1004 931 1066 Pineum
953 1025 1199 1096 quoque
1224 1022 1425 1087 regem
1454 1008 1513 1069 in
1534 1006 1776 1088 Illyrios
1840 1060 1845 1064 .

244 1083 428 1167 legati
459 1083 604 1147 miffi
631 1083 706 1147 ad
739 1082 1090 1167 stipendium
1109 1128 1129 1159 ,
1157 1084 1329 1166 cujus
1354 1084 1483 1149 dies
1506 1086 1732 1149 exierat
1750 1132 1775 1163 ,

13 1104 28 1279 ρ
331 1164 607 1227 scendum
627 1192 648 1241 3
667 1180 772 1227 aut
793 1212 814 1241 ,
835 1163 876 1225 fi
901 1162 1058 1226 diem
1084 1157 1352 1247 proferre
1374 1165 1557 1229 vellet
1578 1213 1597 1241 ‚
1622 1165 1777 1230 obfi-

183 1306 188 1309 .
245 1186 356 1311 {gs
395 1244 790 1328 accipiendos·
823 1242 974 1308 adeo
1004 1288 1024 1315 ,
1060 1242 1165 1306 etii
1200 1244 1422 1318 bellum
1456 1246 1671 1329 ingens
1710 1246 1779 1308 in

249 1325 588 1389 cervicibus
624 1341 750 1386 erat
769 1369 790 1399 ,
827 1322 1046 1387 nuliius
1079 1328 1325 1409 usquam
1368 1344 1657 1389 terrarum
1688 1326 1778 1389 rei

250 1424 396 1469 cura
421 1407 714 1467 Romanos
730 1449 749 1477 ,
775 1423 850 1466 ne
875 1402 1199 1495 longinqua
1224 1403 1467 1488 quidem
1488 1452 1509 1481 ,
1532 1406 1781 1489 effugie-

141 1486 156 1499 '
248 1486 372 1549 bat.
425 1488 496 1546 In
540 1483 889 1567 religionem
928 1500 1106 1546 etiam
1146 1484 1312 1548 venit
1332 1531 1352 1559 ,
1385 1485 1567 1549 aedem
1612 1488 1781 1549 Con·

249 1563 466 1628 cordiae
484 1610 506 1639 ‚
534 1585 712 1646 quam
744 1583 847 1646 per
885 1562 1235 1625 seditionem
1266 1564 1579 1633 militarem
1616 1565 1779 1631 bien-

249 1644 358 1708 nio
387 1643 520 1706 ante
547 1648 616 1707 L.
646 1642 901 1706 Manlius
929 1660 1142 1728 praetor
1167 1643 1231 1707 in
1263 1644 1454 1708 Gallia
1486 1643 1737 1711 voviffet
1756 1691 1781 1721 ,

251 1725 510 1788 locatam
535 1722 608 1786 ad
631 1721 692 1785 id
716 1739 950 1805 tempus
971 1744 1094 1787 non
1118 1721 1251 1786 effe.
1277 1724 1475 1809 itaque
1500 1726 1785 1792 duumvi-

256 1805 308 1869 ri
332 1803 407 1867 ad
432 1825 562 1868 eam
587 1824 712 1865 rem
739 1802 921 1865 creati
949 1802 984 1865 ὲ
1023 1809 1106 1867 Μ.
1137 1804 1374 1867 AEmilio
1404 1823 1652 1888 praetore
1680 1826 1785 1870 ur-

255 1884 348 1947 bis
366 1930 386 1960 ,
413 1889 529 1949 Cn.
555 1884 780 1967 Pupius
797 1886 858 1945 &
881 1883 1058 1945 Caeso-
1073 1884 1368 1961 Quintius
1392 1884 1747 1949 Flamininus
1762 1931 1784 1961 ,

255 1964 438 2030 aedem
461 1965 523 2029 in
546 1984 680 2029 arce
701 1962 1031 2027 faciendam
1055 1960 1424 2029 locaverunt.
1454 1964 1546 2027 Ab
1572 1964 1787 2029 eodem
1884 1978 1897 1993 ²

325 2174 348 2209 ι
409 2160 561 2209 ‹AEris
602 2158 770 2225 gravis
821 2157 994 2225 viginti
1055 2158 1179 2209 olim
1208 2158 1473 2210 habuerant
1498 2154 1615 2209 asses
1636 2158 1790 2209 libra-

259 2222 449 2287 millia]
481 2224 576 2273 Sub
611 2226 712 2273 haec
740 2236 835 2273 tem
869 2239 955 2271 ora
975 2257 991 2283 ,
1056 2224 1122 2273 les
1145 2243 1157 2273 ε
1180 2227 1249 2273 ita
1273 2238 1325 2273 ut
1352 2225 1513 2274 decem
1550 2227 1653 2273 aetis
1680 2240 1793 2289 gra-

263 2289 432 2339 affibus
493 2288 758 2338 uncialibus
839 2288 951 2337 astis
973 2320 992 2347 ,
1058 2291 1130 2337 vis
1153 2306 1243 2354 pro
1266 2304 1363 2337 uno
1390 2288 1585 2337 denario
1616 2289 1793 2338 ambu-

259 2369 448 2405 mutata
481 2352 548 2403 est
585 2355 690 2403 aeris
727 2351 790 2401 ad
825 2367 996 2417 atgen·
1061 2352 1160 2402 late
1189 2353 1527 2418 intelligantur.
1556 2353 1669 2405 Vid.
1690 2357 1791 2417 Ap·

263 2432 371 2468 tum
400 2421 526 2467 ratio
546 2452 562 2477 ,
595 2420 663 2466 ita
695 2430 748 2465 ut
773 2431 870 2465 non
897 2420 996 2479 jam
1061 2417 1306 2481 pendicem
1358 2418 1415 2467 de
1470 2433 1561 2467 aete
1618 2419 1792 2481 gravi,

265 2482 370 2531 bini
400 2478 516 2531 asses
531 2497 642 2531 cum
663 2476 844 2529 semiffe
861 2482 914 2528 in
932 2480 999 2528 se·
1061 2488 1205 2531 Tom.
1234 2495 1276 2528 1.
1298 2484 1493 2547 majoris
1516 2478 1685 2530 nostrae
1712 2484 1793 2529 Li-

265 2546 512 2605 (tertium,
533 2543 995 2603 deniindenatium‚
1061 2548 1128 2595 vii
1168 2544 1401 2595 editionis.
1455 2545 1607 2596 μενῶ·
1629 2547 1800 2611 gravis

264 2610 346 2661 sed
375 2613 591 2677 quaterni
623 2613 676 2658 in
709 2608 964 2657 sestertium
981 2641 996 2667 ,
1061 2610 1235 2674 viginti
1276 2608 1427 2659 millia
1468 2624 1603 2659 erunt
1642 2610 1798 2675 ‚igitur

265 2675 472 2725 senideni
492 2678 543 2723 in
559 2674 804 2729 denarium
821 2674 1002 2722 contri·
1063 2671 1245 2723 denarii
1267 2690 1409 2722 2000.
1431 2688 1603 2723 marcae
1628 2690 1683 2723 ar
1716 2688 1801 2722 en-

266 2741 541 2791 buerentur.
590 2742 713 2788 Hinc
751 2738 890 2786 nobis
939 2752 1003 2784 aes
1065 2740 1104 2786 ti
1129 2737 1396 2787 Parifienses
1430 2752 1505 2798 3¹·
1542 2754 1651 2787 cum
1710 2753 1797 2805 ua-

259 2820 407 2871 grave
439 2805 609 2853 haberi
643 2805 812 2867 incipit
840 2836 856 2861 ,
903 2816 1014 2849 non
1067 2803 1153 2850 bus
1174 2807 1342 2851 unciis.
1620 2824 1628 2833 ·

265 2884 493 2919 nummus
509 2906 525 2928 ,
554 2881 636 2917 aur
653 2868 833 2933 pondus
849 2864 1004 2931 quod·
1130 2880 1157 2912 2
1215 2866 1494 2915 Demetrium
1538 2865 1799 2928 Pharium]

266 2934 384 2987 dam
409 2948 576 2983 verum
603 2934 707 2981 aeris
735 2965 752 2990 ,
789 2930 867 2979 std
897 2942 999 2977 me·-
1065 2934 1361 2981 Demetrium
1402 2929 1427 2981 ὲ
1471 2932 1629 2985 Pharo
1649 2966 1669 2991 ‚
1707 2929 1801 2981 five

265 3012 380 3048 rum
422 3012 600 3048 nomen
620 3030 637 3055 ,
667 2994 731 3044 ad
773 2995 1000 3059 usurpan-
1067 2996 1275 3056 Pharia,
1302 2996 1537 3047 Adriatici
1556 2999 1703 3045 maris
1728 2998 1803 3043 in-

265 3060 385 3112 dam
446 3059 685 3113 vetustatis
743 3060 1004 3123 imaginem
1068 3060 1169 3108 sula
1182 3094 1198 3121 ,
1217 3063 1429 3125 quicum
1451 3062 1625 3125 Illyriis
1644 3059 1804 3109 rebel-

239 3141 504 3178 -tetenrum
533 3162 552 3188 ,
588 3140 701 3175 curn
742 3122 908 3173 eadem
943 3122 1006 3171 ad
1070 3124 1279 3175 lantibus
1316 3124 1345 3176 ὲ
1386 3127 1619 3177 Romanis
1657 3122 1829 3177 viane,

265 3206 520 3259 argentum
575 3192 762 3239 ratione
793 3221 812 3249 ‚
859 3202 1006 3253 quam
1069 3187 1243 3245 fuerat.

379 3260 528 3324 Tom.
554 3262 668 3321 III.
1514 3255 1577 3315 G

13 2420 23 2697 *-2—--—-
14 2292 19 2375 -ᾼ-ᾼ
