2275 3842
575 237 733 312 1¹¹1
783 257 830 311 n
883 258 934 313 ι
988 256 1039 311 n
1147 238 1439 314 XXII.
1635 254 1788 341 ης·

259 334 496 399 bertini.
510 336 688 399 etiam
711 382 734 411 ,
751 406 754 409 .
769 335 990 418 quibus
1013 322 1393 399 liberieffent
1421 336 1486 399 δι
1506 352 1641 401 aetas
1666 342 1784 403 mi-
1797 362 2049 419 ,maurg-

258 415 447 478 litaris
473 456 500 491 ⁴,
545 413 606 477 in
649 414 832 480 vetba
869 415 1225 498 juraverant2
1270 421 1361 479 Ex
1398 415 1519 479 hoc
1560 418 1785 483 urbano
1803 422 2036 476 ²·00217·

259 494 530 558 exercitu
547 542 569 572 ,
601 496 710 588 qui
741 497 998 565 minores
1025 496 1295 583 quinque
1322 499 1389 559 δε
1420 496 1661 579 triginta
1685 520 1789 563 an-

259 574 356 637 nis
383 593 550 639 erant
569 619 590 651 ‚
614 595 674 637 m
701 594 884 640 naves
911 573 1201 659 impoliti:
1222 574 1321 639 alii
1340 621 1362 652 ‚
1386 594 1463 640 ut
1486 576 1618 639 urbi
1650 600 1795 661 ρεπ-

262 652 518 717 fiderent
535 700 555 730 ,
581 654 796 719 -τεΙίἃὶ,
999 716 1012 728 x
1444 668 1448 670 ’

205 741 212 758 ’
343 738 500 795 XII.
539 734 814 799 Distator
853 734 1126 799 exercitu
1162 734 1417 799 consulis
1464 754 1719 820 accepto
1755 738 1795 803 ἆ

259 813 472 878 Fulvio
499 812 712 877 Flacco
743 814 798 877 le
841 834 979 889 ato,
1007 835 1112 899 per
1144 821 1351 898 agxum
1376 816 1657 888 Sabinum
1681 819 1789 881 Ti.-

261 892 414 965 bur,
486 913 568 956 uo
605 893 702 958 die
740 917 772 957 a
851 895 1331 958 conveniendum
1364 895 1627 958 edixerat
1668 918 1785 959 no·-

259 974 358 1037 vis
383 974 462 1035 mi
492 972 704 1050 ‘tibus‚
728 974 928 1039 venit:
949 974 1086 1037 inde
1115 986 1136 1017 ¹
1173 973 1451 1037 Praeneste
1475 1021 1495 1051 ,
1518 996 1587 1037 ac
1610 978 1789 1039 trani:-

259 1051 440 1115 vetfis
467 1052 753 1119 limitibus
778 1055 839 1117 in
862 1053 1018 1118 viam
1053 1054 1323 1117 Latinam
1353 1052 1435 1116 est
1468 1050 1786 1136 regi-effus,

260 1132 423 1194 unde
449 1131 756 1198 itineribus
783 1136 1004 1197 summa
1029 1152 1169 1195 cum
1194 1154 1337 1197 cura
1363 1134 1687 1219 exploratis
1712 1136 1789 1198 ad

257 1210 490 1274 hostem
523 1211 694 1276 ducit
725 1238 746 1290 3
784 1213 952 1277 nullo
988 1213 1128 1275 loco
1157 1258 1177 1288 ‚
1215 1212 1321 1275 nifi
1356 1232 1643 1306 quantum
1681 1235 1787 1277 ne-

260 1291 488 1355 ceffitas
511 1311 586 1355 co
629 1309 794 1367 eret,
820 1292 1072 1356 fortuna·
1096 1294 1151 1355 se
1176 1290 1606 1359 commlffurus.
1636 1298 1787 1373 Quo
1862 1314 2019 1375 ηις»,

307 1369 520 1434 timum
601 1392 657 1434 ie
693 1372 854 1435 haud
896 1372 1107 1457 procul
1147 1372 1327 1457 Arpis
1366 1372 1429 1434 in
1467 1374 1783 1457 conspediu
1803 1381 1983 1474 ξμς·

312 1449 522 1514 ostium
546 1452 740 1535 posuit
767 1450 946 1515 castra
971 1496 994 1528 ,
1033 1450 1196 1515 nulla
1216 1472 1386 1515 mora
1410 1450 1561 1515 fa&
1583 1498 1603 1527 ‚
1638 1454 1787 1537 quin
1836 1440 1918 1474 ‘'¹'‘
1958 1438 2032 1477 ‘⁸⁸⁸

261 1532 500 1593 Poenus
549 1530 830 1594 educeret
872 1530 934 1593 in
983 1532 1171 1593 aciem
1199 1578 1219 1607 ,
1268 1530 1626 1616 copiamque
1716 1556 1790 1598 u·-

309 1610 485 1673 nandi
515 1609 738 1673 faceret
759 1631 774 1673 z
794 1609 894 1673 sed
921 1609 1025 1673 ubi
1049 1612 1255 1695 quieta
1280 1611 1475 1675 omnia
1500 1634 1531 1673 a
1574 1611 1654 1675 ud
1674 1556 1791 1677 fao-

315 1708 417 1765 eS,
448 1709 560 1753 nec
597 1690 776 1753 castra
813 1689 940 1753 ullo
979 1689 1241 1753 tumultu
1274 1708 1435 1753 mota
1458 1692 1521 1755 vi
1563 1710 1666 1767 et3
1700 1695 1791 1756 in-

263 1788 512 1853 crepans
543 1768 795 1853 quidem.
811 1770 1004 1834 vietus
1030 1768 1267 1833 tandem
1292 1771 1539 1833 Martios
1564 1773 1799 1835 animos

261 1850 670 1911 Romanorum
710 1895 730 1924 ‚
773 1848 1261 1933 debellatumque·
1290 1893 1310 1921 ,
1348 1853 1410 1912 δε
1456 1852 1797 1916 conceffum
1852 1911 1856 1915 .

263 1928 562 2021 propalam
599 1928 674 1991 de
711 1928 936 1993 vixtute
971 1950 1040 1993 ac
1079 1928 1270 2011 gloria
1308 1928 1420 1991 effe
1449 1975 1469 2004 ‚
1508 1930 1568 1991 in
1610 1932 1792 1997 castra

268 2006 450 2070 rediit
469 2034 488 2084 3
509 2006 782 2072 ceterum.
805 2009 986 2072 tacita
1017 2002 1161 2075 eiu-5
1195 2007 1453 2072 animum
1484 2010 1792 2089 incensus»,

265 2086 439 2169 quod
473 2106 613 2150 cum-
640 2088 796 2151 duce
822 2087 1279 2171 haudquaquam
1306 2086 1593 2151 Flaminio
1620 2093 1793 2153 Sem-

263 2166 598 2251 ptonioque
631 2166 799 2229 simili
829 2166 1031 2233 futura
1071 2166 1173 2228 fibi
1208 2187 1301 2229 res
1331 2166 1472 2230 effet
1493 2215 1514 2243 ,
1554 2189 1621 2229 ac
1660 2190 1791 2233 tum

263 2240 508 2310 demum
545 2246 742 2311 edoffi
781 2246 946 2309 malis
984 2246 1233 2309 Romani
1266 2256 1465 2331 parem
1510 2249 1791 2313 Annibali

265 2324 483 2389 ducem
503 2325 837 2409 quaefiss'ent.
865 2330 938 2389 Et
965 2326 1337 2409 prudentiam
1363 2325 1606 2410 quidem
1624 2376 1643 2403 ‚
1669 2348 1791 2393 non

265 2418 300 2452 ⁸
327 2406 448 2470 vim
472 2406 774 2470 distatoris
805 2406 1104 2489 extemplo
1136 2406 1343 2469 timuit‘
1366 2428 1381 2469 ε
1405 2406 1791 2472 constantiam

263 2485 428 2551 haud
449 2485 592 2549 dum
611 2507 682 2549 ex
725 2504 888 2549 ertus
908 2532 928 2561 ,
951 2486 1170 2569 agitare
1192 2506 1261 2550 ac
1283 2503 1510 2550 tentare
1530 2488 1792 2552 animum

266 2564 570 2631 movendo
593 2586 691 2629 cre
735 2564 805 2627 ro
829 2564 1006 2629 castra
1027 2612 1045 2641 ,
1073 2565 1534 2649 populandoque
1557 2567 1617 2629 in
1641 2569 1823 2631 ocu-³

264 2644 345 2709 lis
379 2644 505 2719 ejus
537 2663 708 2729 agros
737 2645 1030 2707 sociorum
1059 2690 1080 2719 ,
1121 2644 1356 2731 coepit:
1386 2650 1451 2710 δε
1486 2646 1669 2710 modo
1707 2648 1795 2709 ci-

267 2740 398 2787 tato
424 2726 652 2807 agmine
680 2724 716 2789 ὲ
738 2724 1053 2807 conspectu
1079 2724 1277 2786 abibat
1294 2770 1314 2799 ,
1340 2722 1521 2788 modo
1548 2728 1793 2809 repente

267 2802 336 2868 in
365 2802 567 2895 aliquo
601 2803 759 2869 flexu
791 2803 904 2870 viae
925 2850 947 2881 ,
983 2802 1025 2866 fi
1063 2805 1339 2887 excipere
1374 2804 1701 2887 degressum
1732 2808 1801 2871 in.

337 2977 360 3014 1
391 2962 634 3029 Praenefle]
666 2960 911 3027 Regreffus
937 2962 1008 3013 est·
1063 2964 1156 3013 tim
1197 2961 1409 3013 Annibal
1444 2960 1544 3023 fibi,
1567 2978 1665 3012 tem
1705 2962 1803 3015 effe

267 3026 335 3077 ad
364 3027 592 3092 oppidum
623 3026 844 3076 Ptaeneste
873 3060 890 3085 ‚
925 3043 1000 3077 at·
1063 3044 1183 3080 cum.
1211 3027 1427 3093 prudenti
1460 3027 1593 3078 hoste
1613 3060 1629 3087 ‚
1658 3043 1755 3077 nou
1774 3062 1799 3089 ,

269 3107 364 3161 que
383 3091 488 3139 inde
507 3094 556 3140 in
573 3092 703 3139 viam
723 3094 956 3144 Latinam.
1065 3092 1227 3158 quales
1241 3092 1426 3141 fuerant
1440 3091 1525 3141 alii
1542 3092 1685 3141 duces
1694 3098 1805 3145 Ro*

342 3168 370 3201 2
403 3156 558 3216 Vim]
589 3158 763 3205 Acrem
790 3171 846 3203 ac
873 3154 1002 3204 fero·
1066 3160 1231 3217 mani,
1251 3160 1351 3207 acti
1378 3170 1435 3207 ac
1458 3154 1660 3207 fervido.

267 3231 378 3271 cem
403 3220 634 3271 animum.
663 3218 900 3273 rntenexit
915 3218 1007 3271 sta·
