2275 3842
448 218 591 315 148
927 213 1547 293 .T.L1v11

113 346 129 356 ‚,
173 328 410 383 uene.
428 334 702 401 *quorum
739 312 888 378 alter
921 312 1204 379 Pontifex
1228 359 1249 391 ‚
1278 311 1433 377 alter
1472 330 1665 398 augur
1694 330 1860 391 erat,
1882 316 1965 381 C.

173 388 406 451 ⁸90·²¹‘·
438 396 754 477 Terentius
795 393 1002 459 consul
1040 414 1194 459 unus
1230 410 1466 458 creatur
1499 440 1521 470 ,
1563 411 1633 458 ut
1674 396 1738 459 in
1788 414 1966 460 manu

436 474 566 553 ejus
610 474 793 538 essent
833 466 1074 536 comitia
1119 486 1149 517 ²
1196 496 1225 535 r
1307 472 1461 536 ando
1500 474 1763 558 eollegae.
1809 479 1967 537 Tum

434 573 678 639 experta
717 552 996 617 nobilita-s
1071 574 1235 617 arum
1294 551 1433 617 uiffe
1462 554 1681 619 virium
1708 555 1769 618 in
1802 574 1970 619 com-

537 634 791 698 itoribus
809 680 830 709 ,
856 643 879 685 3
912 638 979 695 L.
1085 634 1314 697 milium
1341 631 1615 707 Paullum
1632 680 1653 711 ,
1680 634 1787 718 qui
1823 654 1963 698 cum

503 761 515 776 .
553 715 724 785 Livio
762 711 970 777 consul
1003 713 1198 776 fuerat
1219 760 1237 788 ,
1266 716 1332 777 δε
1367 724 1399 765 4
1429 712 1807 777 damnatione
1838 713 1967 776 col-

429 794 609 877 legae,
639 798 705 859 &
747 792 848 857 sua
890 813 1078 878 prope
1119 790 1415 857 ambustus
1456 794 1717 857 evaserat
1745 839 1765 870 ,
1804 784 1965 856 infess

429 873 581 937 stum
623 872 860 957 plebei,
903 872 1010 935 diu
1049 892 1118 935 ac
1156 870 1410 937 multum
1452 875 1814 937 recusantem
1837 918 1858 948 ‚
1889 872 1964 939 ad
2004 917 2017 932 .

431 953 789 1037 petitionem
812 952 1137 1037 compellit.
1159 954 1208 1016 is
1228 952 1501 1037 proximo
1526 952 1810 1017 comitiali
1833 952 1963 1031 die,
1989 982 1994 986 ·

431 1032 904 1097 concedentibus
931 1031 1209 1111 omnibus
1234 1032 1340 1117 qui
1366 1052 1505 1095 cum
1531 1038 1796 1097 Varrone
1825 1052 1963 1095 cer-

433 1128 702 1177 taverant
729 1158 752 1191 ,
779 1134 898 1199 ‚par
945 1113 1130 1195 magis
1171 1112 1233 1175 in
1277 1108 1697 1177 adversandum
1721 1157 1741 1187 ‚
1779 1110 1965 1195 qusint

210 1216 268 1261 e.
304 1212 402 1259 τε-
434 1193 702 1276 collega,
731 1192 904 1255 datur
935 1190 1187 1254 consuli.
1232 1190 1382 1253 Inde
1415 1192 1682 1275 praetoria
1721 1192 1963 1256 comitia

165 1266 327 1375 {⁶⁰20
348 1286 396 1360 νζ.
431 1272 647 1336 habita.
691 1272 898 1341 Creati
934 1272 1167 1334 Manius
1204 1272 1570 1354 Pomponius
1605 1272 1815 1335 Matho
1838 1316 1859 1347 ,
1894 1275 1957 1346 &

202 1362 216 1377 ‘
304 1343 370 1375 ‘¹¹¹
434 1354 498 1416 P.
527 1354 730 1416 Furius
759 1351 988 1417 Philus·
1020 1351 1363 1441 Romaejuri
1389 1350 1653 1415 dicundo
1682 1362 1712 1405 5
1738 1352 1961 1416 urbana

165 1384 339 1495 ggffin
429 1434 553 1500 sors
586 1431 921 1517 Pomponio
942 1455 968 1510 3
993 1430 1149 1501 inter.
1185 1446 1349 1497 cives
1384 1434 1680 1495 Romanos
1708 1434 1771 1495 &
1798 1451 1962 1516 pete-

101 626 158 639 .-

1224 1607 1297 1657 vis
1338 1608 1406 1659 est
1448 1609 1625 1659 horum
1660 1610 1921 1664 verborum
1936 1642 1957 1674 ,

487 1626 514 1659 2
530 1609 746 1676 Ragando
757 1607 866 1660 colle
896 1614 968 1670 ae]
987 1613 1163 1658 crean-

1224 1669 1478 1738 aembufius,
1492 1673 1635 1740 J‘emiu
1672 1693 1745 1727 us.

423 1674 492 1725 do
517 1690 599 1740 per
619 1674 831 1739 populis
893 1677 1025 1739 tagia
1043 1687 1160 1721 con-

422 1739 516 1789 suli
537 1773 556 1799 ‚
589 1796 596 1799 .
623 1741 669 1785 ui
703 1736 790 1787 fibi
821 1736 1022 1803 proinde
1055 1738 1160 1785 col-

423 1803 532 1868 lega
576 1819 602 1851 e
641 1816 702 1853 et.
747 1803 963 1858 Verbum
1009 1816 1164 1865 rogare

419 1870 474 1917 in
496 1868 588 1915 hac
608 1882 656 1914 te
671 1901 689 1929 ,
710 1880 766 1915 ut
783 1869 834 1915 &
854 1866 978 1914 iniis
996 1866 1156 1913 omni-

422 1930 512 1980 hus
555 1946 658 1995 quae
698 1930 880 1996 populo
925 1928 1158 1978 sciscenda

419 1995 808 2061 proponebantur
845 2029 863 2055 ,
909 1996 1158 2058 proprium

419 2075 478 2109 ac
507 2059 696 2109 solenne
729 2058 809 2109 est.
847 2060 920 2109 Sic
955 2064 1042 2106 111.
1074 2068 1155 2117 63.

417 2124 479 2173 Si
509 2124 714 2173 tribunos
737 2120 886 2191 plebei
913 2120 1062 2169 decem
1085 2138 1156 2169 ro-

415 2186 531 2253 gabo
558 2202 574 2233 .·
604 2189 656 2236 δε
699 2192 834 2237 VIII.
877 2200 953 2244 ¹3·
1004 2184 1154 2249 Prius-

420 2267 563 2318 quam
599 2250 796 2301 comitiis
811 2286 826 2301 .
843 2283 856 2298 .
878 2284 888 2299 .
906 2283 921 2298 .
957 2248 1157 2313 confides

415 2326 641 2380 rogarem.

492 2394 512 2437 3
544 2382 598 2425 L.
627 2375 887 2427 ‹AEmilium
909 2372 1118 2423 Paullum
1134 2406 1151 2431 ,

419 2444 504 2509 qui
521 2458 618 2489 cum
643 2444 719 2495 M.
741 2442 875 2490 livio
892 2437 1037 2504 consid
1045 2438 1151 2503 fue-

415 2511 530 2567 rat]
576 2508 641 2553 Hi
673 2505 972 2555 consulatum
1005 2500 1151 2568 gessa

415 2582 528 2617 rant
551 2572 776 2632 proximo
793 2584 901 2618 ante
926 2568 1023 2616 hoc
1047 2566 1149 2617 bel-

412 2630 519 2680 lum
549 2647 693 2680 anno.

481 2712 516 2756 4
539 2695 841 2745 Damnatione
856 2693 1058 2760 college,
1084 2702 1150 2751 φ’

405 2756 497 2825 [υἱ
516 2770 594 2827 pro
623 2776 648 2807 e
664 2758 888 2825 ambustus
905 2759 1147 2823 evaserat]

409 2827 558 2889 :fungi
643 2823 756 2873 bent
780 2824 855 2873 hae
879 2824 984 2873 duae
1007 2838 1149 2873 voees

404 2886 497 2952 fica*
524 2899 690 2957 prope,
721 2888 881 2953 supple
899 2922 916 2948 ‚
943 2887 1147 2937 damna-

409 2953 557 3013 tione,
613 2955 730 3001 Non
779 2954 906 3002 enim
955 2950 1147 3002 Paullus

1290 1750 1311 1793 5
1370 1736 1566 1786 ‘Urbana
1629 1746 1735 1801 ors]
1790 1737 1982 1788 Primo‘

1226 1813 1342 1849 unus
1366 1816 1540 1865 ptaetor
1563 1804 1744 1852 creatus
1770 1802 1957 1862 fuerat',

1224 1866 1308 1927 qui
1324 1866 1397 1929 jus
1415 1869 1465 1913 in
1491 1867 1607 1915 urbe
1630 1866 1819 1917 diceret.
1841 1867 1955 1917 vid.

1222 1927 1361 1992 supra
1394 1936 1479 1979 VI.
1514 1944 1597 1989 4²·
1638 1929 1799 1979 l'ostea
1832 1946 1953 1981 con-

1224 1988 1397 2055 fluente
1425 1996 1474 2041 in
1501 1995 1670 2043 urbem
1692 1994 1843 2043 multi
1868 2012 1951 2060 pe-

1222 2060 1473 2120 gtinotum
1494 2057 1664 2118 turba,
1685 2058 1869 2108 additus
1886 2058 1954 2108 est

1223 2124 1275 2167 δε
1297 2120 1418 2169 alius
1440 2138 1613 2185 ptaetor
1636 2158 1651 2182 ,
1686 2127 1954 2189 partitaque

1220 2186 1343 2232 inter
1364 2186 1535 2235 ambos
1555 2188 1816 2251 jurisdiffio
1835 2222 1851 2247 ,
1882 2192 1951 2237 ira

1219 2261 1270 2295 ut
1300 2264 1419 2297 imus
1446 2253 1519 2313 jus
1540 2252 1721 2300 civibus
1746 2252 1952 2312 diceret,

1216 2310 1337 2360 alter
1366 2316 1489 2374 intes:
1516 2318 1639 2365 cives
1666 2318 1718 2364 δι
1740 2312 1952 2381 peregri·

1214 2389 1321 2423 nos.
1348 2376 1438 2425 Ille
1459 2375 1658 2427 urbanus
1678 2395 1852 2444 praetot
1872 2380 1949 2429 di-

1213 2439 1408 2489 cebatur
1422 2475 1438 2501 ,
1462 2443 1545 2491 hic
1563 2444 1831 2511 peregrinus.
1851 2450 1951 2494 Ut-

1215 2502 1329 2551 bani
1354 2509 1565 2569 ptaetotis
1594 2511 1753 2572 major
1785 2508 1947 2573 digni-

1213 2580 1284 2617 tas
1311 2584 1411 2618 etat
1433 2590 1445 2619 ε
1471 2572 1508 2619 is
1536 2570 1806 2635 absentibus
1827 2589 1946 2623 con-

1212 2628 1391 2695 sulibus
1412 2636 1591 2685 senatui
1611 2651 1837 2702 praerat,
1867 2654 1944 2687 ce-

1212 2709 1315 2745 tera
1345 2700 1613 2749 consulatia
1642 2702 1805 2750 munia
1830 2701 1944 2748 obi-

1214 2758 1314 2809 bat.
1343 2766 1475 2812 Duos
1493 2777 1713 2827 pretores
1730 2762 1943 2827 primum

1212 2828 1384 2875 Romae
1415 2840 1595 2875 creatos
1628 2824 1755 2873 doffl
1784 2826 1943 2876 existi-

1210 2902 1348 2937 mant
1396 2904 1527 2938 anno
1574 2888 1749 2938 ultimo
1830 2893 1943 2940 rimi

1210 2954 1371 3001 Punici
1412 2952 1545 3001 belli.
1598 2951 1707 3001 Post
1752 2968 1783 3002 a
1805 2956 1943 3020 iquot

412 3014 664 3065 damnatus
689 3014 755 3065 est
773 3048 790 3074 ,
817 3031 869 3064 ut
895 3029 953 3063 ex
977 3032 1036 3065 eo
1061 3032 1146 3080 pe·
1206 3030 1387 3075 annos,
1403 3016 1453 3065 id
1475 3014 1567 3075 est,
1586 3032 1717 3069 anno
1767 3017 1838 3067 ost
1856 3018 1941 3069 de·

407 3093 477 3135 tet
503 3116 520 3142 ‚
557 3079 688 3146 quod
721 3075 906 3129 evafiss'e
937 3079 1139 3137 dicitutt
1205 3083 1335 3131 cimo
1370 3079 1501 3133 sexto
1521 3114 1539 3141 ,
1564 3085 1615 3131 P.
1653 3088 1729 3131 va
1750 3085 1851 3133 etio
1888 3087 1943 3134 δε

406 3144 487 3197 sed
540 3146 785 3205 accusatus
814 3178 834 3203 ‚
876 3160 938 3201 ‚ac
994 3159 1143 3208 prope
1207 3148 1278 3193 M.
1304 3150 1377 3197 Re

1442 3144 1491 3193 lo
1512 3145 1782 3196 consulibus
1795 3182 1811 3207 ‚
1832 3163 1943 3197 tut-

400 3202 656 3263 damnatus
673 3210 840 3261 fuerat.
866 3212 1021 3275 Atque
1037 3210 1139 3259 haec
1202 3208 1310 3263 sum
1332 3224 1361 3261 a
1391 3210 1502 3277 jeai
1522 3210 1631 3264 sunt
1649 3209 1746 3265 duo
1767 3227 1942 3281 μειο-

2239 3769 2248 3778 ,
2234 3645 2244 3656 n

2253 3752 2256 3793 --
2252 3570 2259 3679 ᾼᾼ-Ᾰ.»
2258 3514 2260 3531 Η
