2275 3842
432 227 595 302 ’26
793 223 1537 302 .-T.1.1v11

180 334 414 409 ιαμ,
438 345 473 387 e
519 344 597 391 et..
632 328 780 388 Duae
812 323 1078 465 leqiones
1108 325 1339 386 urbanae
1372 323 1538 386 alteri
1572 319 1835 398 consuli,
1863 317 1974 408 qui

182 411 413 460 flue-²16·
436 405 499 466 in
538 405 741 468 locum
781 411 843 468 L,
932 403 1165 467 osturnii
1200 402 1476 466 suffectus
1507 400 1646 466 effet
1668 449 1692 477 ,
1719 401 1971 465 decretae

434 484 606 548 sunt:
635 504 893 568 eumque
924 530 943 559 ‚
986 506 1174 564 quum
1209 482 1462 568 primum
1492 483 1662 546 salvis
1701 481 1976 565 auspiciis

433 562 655 647 posset,
682 565 868 627 creari
904 563 1148 649 placuit.
1185 563 1452 646 legiones
1493 579 1770 645 praterea
1817 560 1972 624 duas

434 644 631 728 primo
706 664 906 725 uoque
944 661 1212 726 tempore
1253 665 1327 706 ex
1361 643 1556 706 Sicilia
1585 643 1804 705 acciri:
1828 651 1976 702 ³·a-t-

482 744 558 787 ue
596 724 656 786 in
701 745 735 786 e
772 723 1019 796 consul,
1048 724 1150 786 cui
1185 723 1449 805 legiones
1483 722 1714 787 urbanae
1745 721 1974 784 evenis-

434 745 565 866 ?ent
583 849 605 876 ‚
627 803 884 866 militum
915 804 1171 866 sumeret
1203 822 1492 888 quantum
1516 823 1670 886 opus
1691 802 1852 865 effer.
1889 802 1974 863 C.

434 884 722 948 Terentio
770 883 1000 947 consuli
1048 883 1356 968 propagari
1406 884 1466 946 in
1519 901 1740 946 annum
1779 882 1974 964 impe-

438 961 635 1026 rium:
664 984 859 1045 neque
900 964 974 1026 de
1015 983 1090 1026 eo
1130 965 1438 1040 exercitu,
1473 983 1653 1046 quem
1687 957 1976 1046 ad‘praefi·

441 1041 609 1105 dium
636 1043 865 1126 Apuliae
887 1043 1134 1106 haberet
1151 1089 1174 1118 ,
1197 1045 1338 1127 quic
1385 1065 1519 1106 uam
1549 1043 1754 1106 minui.

188 1120 424 1198 ,R‘535fl‘
524 1126 736 1187 XXVI.
778 1127 942 1188 Dum
984 1122 1107 1186 haec
1154 1124 1224 1185 in
1261 1129 1350 1186 Ita
1376 1125 1429 1187 ia
1466 1141 1758 1204 geruntur
1801 1142 1832 1183 a
1875 1143 1982 1208 pa-

184 1184 424 1287 234f¹⁸<²⁰
444 1219 769 1285 rantur-que
791 1249 815 1278 ,
842 1202 1033 1265 nihilo
1073 1203 1308 1286 segnius
1340 1203 1401 1266 in
1443 1203 1718 1286 Hispania
1752 1203 1826 1263 be
1855 1201 1982 1263 lum

443 1300 567 1346 erar
592 1303 607 1344 ε
634 1282 733 1346 sed
774 1282 848 1346 ad
886 1305 1014 1346 eam
1057 1283 1216 1345 diem
1257 1283 1440 1366 magis
1449 1284 1826 1376 yrospemm·
1859 1284 1984 1343 Ro-

442 1362 651 1426 manis,
690 1367 761 1426 P.
795 1366 857 1427 δε
892 1365 1015 1426 Cn.
1050 1363 1439 1448 ‘Scipionibus
1463 1381 1617 1426 mter
1655 1365 1711 1424 se
1751 1361 1986 1445 partitis

446 1442 650 1528 copias
672 1487 692 1516 ‚
728 1462 797 1505 ut
829 1445 1047 1506 cnaeus
1087 1443 1242 1506 tertii
1263 1489 1284 1518 ‚
1310 1441 1560 1506 Publius
1583 1441 1831 1505 navibus
1856 1461 1984 1504 rem

445 1539 725 1605 gereret3
755 1521 1044 1586 Asdrubal
1078 1527 1410 1586 Poenorum
1437 1521 1754 1605 imperator
1775 1569 1795 1596 ‚
1836 1542 1984 1584 neu·

448 1602 529 1664 tri
568 1604 717 1684 parti
752 1603 969 1665 virium
1005 1602 1137 1663 satis
1175 1601 1398 1677 fidens,
1439 1601 1652 1684 procul
1683 1601 1754 1663 ab
1780 1601 1946 1664 hoste
1958 1649 1984 1677 ,

447 1680 765 1744 intervallo
806 1703 873 1744 ac
916 1682 1068 1743 locis
1104 1699 1272 1744 tutus
1316 1681 1558 1744 tenebat
1594 1681 1687 1743 se:
1715 1694 1736 1726 ¹
1782 1681 1988 1765 quoad

442 1760 703 1824 multum
740 1781 809 1822 ac
842 1760 947 1824 diu
988 1759 1337 1837 obtestanti,
1361 1779 1620 1844 quatuor
1658 1761 1841 1824 millia
1869 1782 1984 1847 pe-

445 1839 679 1916 ditum,
704 1841 765 1903 &
808 1840 1121 1924 quingenti
1155 1841 1489 1924 equitesjn
1515 1840 1986 1926 supplementum

446 1919 595 1982 miffi
624 1940 697 1982 ex
734 1919 937 1983 Africa
970 1923 1122 1984 sunt.
1147 1925 1304 1984 Tum
1334 1915 1553 1984 refeela
1585 1921 1824 1985 tandem·
1847 1923 1981 2005 spe,

449 1999 631 2064 castra
674 1998 915 2084 propius
963 2000 1189 2064 hostem
1231 2001 1424 2067 movit
1463 2023 1482 2064 t
1521 1999 1874 2085 classemque
1919 2005 1985 2064 &

448 2081 571 2171 ipse
610 2080 813 2144 instrui
855 2081 1163 2166 pararique
1205 2080 1410 2161 jubet,
1442 2081 1515 2144 ad
1555 2081 1769 2147 insulas
1809 2083 1988 2146 mari..

453 2177 780 2243 urnamque
806 2183 966 2223 oram
994 2160 1319 2224 tutandam.
1365 2169 1432 2223 In
1456 2161 1582 2244 ipso
1606 2161 1834 2246 impetu
1860 2183 1990 2224 mo-

453 2241 781 2306 vendarum
830 2239 904 2302 de
949 2240 1185 2322 integro
1231 2261 1427 2302 rerum
1465 2285 1489 2317 ‚
1536 2241 1794 2326 perculit
1846 2262 1988 2304 eum

453 2319 865 2404 praefestorum
910 2321 1148 2384 navium
1190 2319 1450 2384 transitio
1482 2343 1496 2382 :
1533 2321 1639 2404 qui
1676 2320 1802 2404 post
1841 2321 1988 2384 clas-

456 2401 578 2462 sem
614 2399 686 2462 ad
709 2399 949 2464 Iberum
974 2420 1077 2482 per
1104 2421 1384 2484 pavorem
1415 2399 1698 2467 desertam
1729 2402 1992 2484 graviter

456 2479 621 2542 incre
663 2480 731 2542 iti
760 2526 778 2552 ‚
800 2500 1105 2563 nunquam
1134 2479 1346 2542 deinde
1377 2481 1512 2542 satis
1543 2479 1645 2542 fidi
1677 2500 1780 2544 aut
1810 2481 1990 2558 duci,

455 2577 563 2622 aut
660 2559 1174 2641 arthaginienfium
1206 2560 1382 2624 rebus
1416 2557 1670 2623 fuerant.
1710 2567 1992 2626 Fecerant

456 2637 524 2702 hi
564 2636 876 2720 transfugae
922 2657 1154 2702 motum
1200 2641 1260 2701 in
1313 2640 1726 2704 Tarteffiorum
1765 2659 1941 2722 gente
1967 2685 1991 2718 ‚

456 2717 820 2780 desciverant
866 2739 940 2780 ue
985 2717 1057 2780 iis
1101 2719 1440 2784 audioribus
1483 2721 1660 2783 urbes
1711 2720 1988 2805 aliquot:

458 2817 576 2860 una
610 2798 785 2858 etiam
811 2821 842 2860 a
909 2798 1039 2884 ipfis
1065 2800 1125 2864 vi
1155 2819 1324 2884 capta
1351 2799 1560 2863 fuerat.
1594 2805 1664 2862 In
1692 2821 1820 2863 eam
1845 2820 1994 2884 gen-

458 2892 582 2938 tem
616 2879 849 2942 versum
878 2891 905 2923 ²
939 2879 1011 2942 ab
1044 2881 1326 2945 Romanis
1353 2879 1580 2944 bellum
1607 2880 1691 2944 est
1711 2903 1728 2943 ε
1750 2879 1992 2946 infesto-

526 3034 546 3078 3
590 3021 759 3087 Atque
800 3019 906 3067 inde
941 3019 1089 3085 consul
1106 3049 1214 3075 ..s
1323 3039 1345 3074 1
1377 3023 1998 3096 Quoadmultiln1Qoaed
2077 3028 2096 3050 ‘

450 3081 677 3150 fimes-ee]
711 3082 884 3132 Metius
915 3084 1153 3137 videretur
1171 3122 1190 3149 ,
1257 3090 1352 3139 hoc
1376 3088 1487 3141 loco
1505 3087 1572 3138 est
1592 3087 1727 3156 usqne
1752 3106 1801 3138 eo
1823 3090 1992 3151 donec,

379 3159 385 3170 ·
454 3144 671 3208 confidem
690 3182 738 3197 ..
764 3150 932 3211 firment
952 3168 966 3199 ε
987 3164 1038 3199 ut
1062 3151 1192 3205 idem
1253 3154 1393 3220 nsque
1417 3151 1484 3202 ad
1507 3150 1562 3202 id
1588 3164 1766 3219 tmpus
1785 3169 1890 3222 quo.

458 3211 663 3264 sttvetur
688 3215 923 3266 orationis
949 3228 1101 3269 tenor.
1319 3231 1354 3267 τ.
1379 3215 1474 3273 Ab
1509 3217 1774 3283 Romanis]
1807 3217 2002 3277 Omiffis
