2275 3842
741 206 1165 283 1013!ss
1259 200 1491 279 XXI.
1766 207 1863 289 81

327 300 552 369 ratibus
589 304 864 371 Trebiam
904 305 1246 386 trajicerent
1266 332 1287 379 3
1313 324 1417 367 aut
1452 300 1606 392 nihii
1642 303 1865 369 sensere
1886 326 2119 381 umu-

323 383 553 458 Poeni,
581 387 952 472 obstrepente
974 385 1175 471 pluvia
1193 432 1214 462 ‚
1240 402 1345 447 aut
1365 429 1387 459 ,
1425 383 1701 468 quiajam
1732 407 1862 448 mo·
1880 386 1990 434 ²·C·
2007 383 2119 431 ²¹⁸·

322 464 455 528 veri
492 486 605 548 prae
646 465 968 532 laffitudine
1002 465 1330 549 nequibant
1370 484 1441 527 ac
1474 462 1861 543 vulneribuS,
1920 500 1923 505 ·

319 544 540 613 sentire
583 548 697 611 sese
741 545 1568 628 distimularuntzquietisque
1612 544 1865 623 Poenis,
1944 608 1957 617 ,

321 624 514 686 tacito
555 628 784 710 agmine
831 629 904 691 ab
945 627 1042 691 Sci
1083 626 1224 693 ione
1268 625 1512 694 consule
1562 626 1864 690 exercitus
1913 650 1919 655 ·

321 704 688 779 Placentiam
724 709 807 773 est
832 706 1015 795 perdu
1080 728 1188 771 us:
1210 705 1345 769 inde
1387 704 1551 769 Pado
1586 704 1866 795 trajectus

322 786 686 851 Cremonam
708 836 728 862 ‚
769 806 844 853 ne
887 790 1146 853 duorum
1182 786 1559 855 exercituum
1596 783 1863 851 hibernis

322 886 443 929 una
486 866 723 934 colonia
761 887 1152 956 premeretur.
1678 869 1715 927 ’,

406 951 630 1012 LVII.
673 953 919 1013 Romam
963 967 1165 1013 tantus
1198 965 1390 1012 terror
1430 969 1505 1012 ex
1545 948 1658 1013 hac
1694 944 1864 1011 clade
1935 956 2071 1028 quae

369 1027 590 1092 erlatus
616 1030 699 1094 est
720 1078 738 1103 ‚
769 1049 836 1093 ut
860 1030 973 1111 jam
1001 1031 1075 1093 ad
1111 1028 1324 1092 urbem
1361 1028 1674 1091 crederent
1710 1028 1860 1090 infe·
1880 1018 2072 1118 {21:2⁸10·

323 1048 428 1171 ftis
449 1108 623 1193 {ignis
642 1110 869 1174 hostem
887 1128 1244 1185 venturum3
1266 1129 1377 1172 nec
1400 1108 1542 1192 quic
1591 1130 1725 1171 uam
1746 1108 1867 1192 spei
1945 1102 1958 1117 “

328 1206 437 1251 aut
469 1190 671 1253 auxilii
703 1190 853 1267 effe,
893 1212 1018 1275 quo
1055 1190 1245 1273 portis
1278 1188 1555 1251 moenibu
1583 1208 1702 1272 que
1741 1190 1867 1251 vim

323 1288 615 1335 arcerent.
655 1281 770 1335 Uno
803 1272 1017 1352 consule
1057 1275 1130 1335 ad
1164 1272 1423 1332 Ticinum
1460 1272 1613 1331 ω’ᾶο
1630 1314 1653 1340 ,
1691 1268 1868 1331 altero

325 1372 396 1412 ex
433 1352 632 1413 sicilia
675 1373 929 1415 revocato
960 1397 981 1423 ‚
1028 1356 1235 1415 duobus
1273 1348 1583 1429 consulibus
1602 1394 1623 1421 ,
1661 1352 1869 1412 duobus

325 1431 706 1511 consularibus
734 1436 1062 1495 exercitibus
1095 1433 1274 1494 vietis
1293 1474 1313 1503 ,
1342 1453 1476 1513 quos
1500 1430 1643 1492 alios
1670 1433 1865 1501 duces,

319 1532 468 1595 quas
504 1512 650 1575 alias
676 1513 916 1596 legiones
944 1514 1037 1595 effi
1103 1536 1189 1574 uae
1219 1512 1547 1603 arceffimtur
1575 1512 1600 1573 ἓ
1625 1515 1718 1572 Ita
1744 1526 1867 1573 ter-

317 1592 454 1655 ritis
490 1594 871 1678 Sempronius
902 1534 1109 1656 consuz
1143 1590 1382 1655 advenit
1403 1639 1421 1667 ‚
1445 1591 1670 1675 ingenti
1745 1591 1863 1653 eri-

317 1676 468 1735 culo
497 1694 602 1757 per
634 1673 845 1737 effusos
869 1674 1068 1758 paffim
1098 1671 1172 1736 ad
1202 1670 1578 1773 praedandum
1604 1672 1686 1735 ho
1737 1672 1864 1735 ium

286 1788 301 1793 -
319 1772 358 1816 e
405 1752 560 1815 uites
583 1753 876 1835 (audacia
901 1754 1085 1837 magis
1110 1762 1293 1837 quam
1318 1750 1561 1815 confilio
1581 1798 1601 1827 ,
1634 1770 1736 1816 aut
1764 1754 1863 1834 spe
1908 1803 1919 1821 ,

313 1774 563 1899 ffllendi
585 1881 604 1910 ,
632 1834 998 1899 refistendive
1022 1833 1065 1896 fi
1089 1854 1211 1897 non
1236 1831 1512 1914 falleret)
1542 1834 1862 1915 transgres-

317 1914 438 1977 sus.
479 1914 550 1977 1d
581 1916 748 1999 quod
776 1937 962 1980 unum
999 1911 1251 1977 maxime
1287 1914 1347 1975 in
1378 1912 1679 1999 praesenria
1712 1910 1861 1975 defi-

317 1994 687 2073 (letabatur,
727 1996 988 2061 comitiis
1032 1993 1439 2057 consularibus
1482 1994 1703 2056 habitis
1730 2039 1753 2068 ‚
1794 1993 1857 2055 in
1924 2034 2112 2079 eon-3230

319 2072 568 2139 hiberna
605 2076 800 2139 rediit.
839 2076 1046 2139 Creati
1082 2072 1355 2138 consules
1384 2076 1506 2137 Cn.
1534 2072 2057 2161 Serviliusflgasuu-

323 2158 393 2217 &
418 2158 496 2231 C,
531 2153 863 2221 Flaminius.
901 2152 1194 2219 Ceterum
1229 2174 1303 2217 ne
1334 2152 1582 2217 hiberna
1615 2152 1863 2238 quidem
1876 2163 1968 2201 ‘⁸⁴-

319 2236 606 2298 Romanis
627 2237 831 2321 quieta
853 2253 1051 2312 erant,
1068 2234 1423 2377 vagantibus
1481 2235 1634 2298 affim
1656 2235 1869 2299 Numi-

319 2314 417 2377 dis
443 2318 788 2399 equitibus,
821 2330 842 2362 ¹
870 2320 967 2393 δε,
995 2316 1114 2399 qua
1187 2314 1237 2379 is
1260 2255 1632 2399 impeJitiora
1664 2334 1867 2394 erant,

319 2396 651 2461 Celtiberis
670 2397 1088 2480 Lufitanisque.
1109 2402 1344 2459 Omnes
1366 2395 1548 2479 igitur
1566 2395 1742 2458 claufi
1762 2417 1872 2461 un·

321 2474 509 2560 dique
546 2495 915 2541 commeatus
943 2493 1147 2553 erant,
1176 2474 1280 2545 nifi
1305 2496 1459 2560 quos
1482 2473 1647 2541 Pado
1685 2494 1868 2541 naves

315 2556 744 2629 subveherent.
767 2559 1114 2641 Emporium
1135 2580 1246 2641 pro
1290 2577 1323 2618 e
1342 2555 1705 2619 Placentiam
1720 2554 1873 2634 fuit,

317 2640 388 2701 &
411 2658 592 2715 opere
621 2657 836 2730 magno
865 2638 1163 2703 munitum
1191 2683 1211 2712 ,
1250 2579 1311 2700 gc
1333 2636 1534 2701 valido
1568 2636 1868 2707 firmatum

316 2718 605 2803 praefidio.
650 2733 678 2765 ²
719 2739 848 2803 ejus
895 2717 1112 2781 castelli
1154 2717 1537 2805 oppugnandi
1579 2720 1677 2803 spe
1726 2739 1873 2783 cum

391 2917 411 2949 ι
439 2898 504 2947 Et
521 2936 536 2961 ,
553 2894 652 2967 qui
673 2898 751 2948 bis
769 2895 1063 2965 impeditiora
1130 2898 1459 2963 Hispanorum
1487 2912 1589 2949 erat
1604 2934 1625 2960 ‚
1690 2897 1785 2951 uod
1809 2900 1876 2963 ad

313 2972 488 3027 enne]
525 2963 781 3013 Celtiberis
813 2960 1066 3012 Lusitanis·
1130 2962 1509 3013 concursandum
1525 2967 1649 3015 inter
1690 2983 1778 3015 axa
1798 2985 1876 3029 ru·

317 3045 416 3095 que
445 3030 730 3093 vagantibus
755 3061 773 3087 ,
812 3026 905 3093 qufi
937 3042 1071 3092 parte
1133 3029 1303 3095 pesque
1336 3044 1369 3076 a
1399 3031 1438 3079 ti
1466 3044 1523 3078 ac
1556 3028 1680 3079 leves
1711 3028 1880 3086 effent.

315 3094 435 3143 loca
501 3092 812 3159 impeditiora
888 3107 1025 3140 erant
1054 3124 1073 3150 ‚
1139 3093 1253 3143 Vid.
1274 3092 1369 3141 infr
1428 3092 1462 3141 l.
1490 3098 1646 3143 XXII.
1674 3112 1717 3144 c.
1745 3098 1821 3144 18.

319 3154 474 3221 quam
498 3173 549 3206 ut
571 3174 629 3207 ea
654 3154 885 3207 Numida
908 3171 1077 3221 perva—
1205 3172 1233 3204 ι
1263 3156 1381 3217 Eius
1406 3174 1455 3205 ca
1492 3156 1571 3207 eui
1594 3156 1886 3227 oppugnandi

315 3223 430 3290 gari
445 3216 654 3289 poffe'm.
675 3226 740 3275 Ea
755 3224 960 3291 propria
977 3218 1082 3273 laus
1135 3220 1216 3295 [pe
1232 3228 1261 3287 1
1278 3226 1395 3289 Lege
1464 3238 1545 3271 um
1565 3228 1773 3275 omnino
1784 3222 1889 3291 est„

1494 3288 1639 3353 Dv
