2275 3842
216 299 219 304 .
592 230 657 305 L
706 253 739 305 1
793 251 839 304 Β
894 251 940 304 z
996 239 1049 305 11'
1149 230 1477 309 XXIII.
1649 259 1806 335 237

312 347 392 396 ue
442 330 709 394 enercitu
760 329 1051 394 Asdrubal
1103 329 1384 414 ingressus
1429 349 1636 414 agrum
1685 334 1802 397 ho·
1831 355 2060 415 mesu·-

324 412 480 487 ium,
500 433 616 493 pro
640 428 822 496 captae
858 429 994 474 ante
1025 409 1152 474 dies
1184 431 1407 496 paucos
1442 413 1605 475 urbis
1647 434 1804 476 moe-
1827 420 2059 470 auc-2¹62

271 491 450 554 nibus
468 538 489 567 ‚
524 490 791 554 Galbam
826 489 1087 554 nobilem
1110 492 1524 554 Tarteffiorum
1549 491 1761 555 ducem
1783 541 1804 570 ,

273 590 413 632 cum
446 569 647 635 valido
674 574 938 634 exercitu
967 569 1166 634 castrie
1193 573 1305 634 sese
1341 589 1639 634 tenentem
1660 622 1677 642 ,
1705 593 1805 670 ag·

272 649 440 732 gredi
482 649 701 715 statuit.
753 650 1044 714 Praemissss.
1090 650 1272 734 igitur
1317 650 1433 712 levi
1479 663 1804 730 armatura3

276 750 407 814 quae
430 729 674 793 eliceret
699 729 895 794 hostes
918 729 990 792 ad
1018 750 1314 793 certamen
1335 777 1356 804 ‚
1387 731 1654 814 peditum
1681 755 1808 824 par-

276 826 399 871 tem
432 810 505 872 ad
539 810 1018 892 depopulandum
1047 833 1152 895 per
1187 829 1362 892 agros
1398 811 1593 894 paffim
1637 812 1810 876 duni-

275 887 385 964 fit,
419 907 487 953 ut
515 891 777 973 palantes
810 891 1172 970 exciperent.
1213 889 1400 952 Simul
1433 894 1494 953 δι
1527 891 1598 953 ad
1629 892 1810 956 castra

280 969 573 1033 tumultus
597 989 761 1044 erat,
796 975 861 1034 &
890 991 993 1055 per
1020 989 1191 1054 agros
1218 969 1477 1053 fugaque
1503 974 1564 1034 δε
1584 974 1808 1036 caedesz
2035 985 2059 1018 Χ

276 1048 493 1111 deinde
518 1050 781 1133 undique
811 1049 1049 1116 diversis
1076 1050 1388 1113 itineribus
1414 1071 1601 1134 quum
1629 1053 1687 1113 in
1714 1074 1810 1114 ca·

276 1128 388 1192 stra
411 1130 467 1191 se
492 1129 838 1215 recepissent
855 1178 874 1206 ,
896 1129 1047 1192 adeo
1070 1129 1311 1215 repente
1337 1129 1575 1192 deceffit
1591 1132 1809 1194 animis

276 1229 464 1294 pavor
491 1256 509 1284 ,
544 1228 755 1273 utnon
786 1210 857 1272 ad
884 1211 1247 1273 munimenta
1273 1209 1456 1272 modo
1483 1209 1810 1274 defenden-

278 1288 355 1352 da
392 1290 525 1352 satis
563 1292 893 1354 animorum
934 1286 1075 1352 effet
1108 1337 1127 1363 ‚
1175 1289 1274 1352 sed
1309 1291 1486 1352 etiam
1516 1289 1591 1352 ad
1629 1290 1810 1355 laces?-

278 1367 523 1433 sendum
548 1369 773 1434 hostem
800 1370 1021 1464 praelio.
1062 1374 1393 1455 Erumpunt
1415 1369 1597 1453 igitur
1621 1373 1812 1453 agmi-

279 1469 356 1512 ne
395 1448 429 1512 ὲ
466 1451 702 1525 castris,
737 1450 1125 1534 tripudiantes
1162 1463 1326 1512 more
1363 1451 1466 1512 suo
1501 1471 1518 1512 z
1556 1471 1616 1512 re
1659 1453 1813 1514 enti-

279 1549 473 1613 naque
507 1552 715 1595 eorum
740 1530 981 1594 audacia
1006 1547 1294 1594 ter-rorem
1321 1529 1471 1592 hosti
1505 1551 1614 1613 pau
1644 1554 1682 1594 o
1711 1554 1814 1596 an·

281 1610 345 1673 te
382 1610 542 1673 ultro
583 1610 879 1676 lacessenti
922 1611 1174 1673 incussit.
1211 1611 1412 1694 itaque
1449 1613 1512 1672 δε
1548 1610 1666 1692 ipse
1705 1613 1812 1675 As-

280 1689 490 1752 drubal
516 1691 578 1752 in
601 1690 817 1753 collem
845 1692 977 1753 satis
1005 1690 1251 1753 arduum
1277 1735 1296 1762 ,
1332 1708 1533 1752 tutum
1569 1689 1816 1756 flumine

278 1769 463 1834 etiam
498 1771 733 1850 objesto
753 1817 777 1846 ,
805 1783 827 1824 ³
863 1787 989 1834 tum
1017 1771 1220 1854 copias
1247 1769 1525 1832 subducit
1542 1817 1562 1845 ‚
1587 1775 1650 1832 δε
1679 1794 1817 1855 prae·

281 1849 500 1912 missam
528 1851 721 1914 levem
755 1873 785 1912 a
940 1871 1103 1914 uram
1125 1897 1144 1925 ,
1169 1849 1411 1941 equites
1443 1870 1518 1912 ue
1553 1849 1778 1932 palatos
1797 1899 1818 1928 ‚

283 1929 497 1994 eodem
534 1931 652 1993 reci
699 1932 748 1993 it
768 1953 789 1993 ε
894 1949 926 1992 c
964 1949 1066 1992 aut
1102 1929 1246 1990 colli
1281 1947 1385 1992 aut
1461 1930 1649 1991 nmini
1687 1933 1824 1996 satis

189 2047 199 2054 ι
283 2009 471 2074 fidens
504 2049 527 2086 -,
564 2011 659 2075 val
758 2009 937 2072 castra
970 2008 1289 2102 permunit.
1329 2014 1400 2069 In
1437 2007 1558 2070 hoc
1595 2009 1822 2075 alterno

284 2111 541 2174 pavore,
567 2090 883 2153 certamina
916 2088 1147 2172 aliquot
1188 2089 1322 2150 sunt
1354 2087 1672 2152 contracta.
1707 2111 1822 2154 nec

282 2169 547 2234 Numida
574 2171 831 2253 Hispano
860 2190 891 2231 e
940 2189 1043 2232 ues
1070 2189 1174 2250 par
1205 2165 1321 2229 fuit
1347 2195 1367 2245 3
1395 2187 1508 2229 nec
1531 2167 1824 2248 jaculator

285 2254 529 2314 Maurus
548 2268 775 2313 ceti-ato
800 2296 821 2325 ,
849 2270 923 2314 ve
948 2250 1169 2311 ocitate
1191 2247 1315 2332 pari
1336 2293 1358 2324 ‚
1397 2245 1616 2311 robore
1639 2249 1823 2315 animi

284 2329 625 2412 viriumque
649 2330 718 2391 ali
768 2328 1013 2396 uantum
1041 2325 1346 2413 praestanti.
1401 2330 1409 2334 ”
1618 2374 1644 2385 ,
1731 2335 1748 2354 ·

368 2415 613 2472 xxvu.
648 2413 731 2472 Po
778 2430 1031 2492 taquam
1073 2429 1272 2492 neque
1311 2405 1526 2469 elicere
1556 2408 1822 2473 Poenum

241 2529 250 2534 -
288 2489 365 2553 ad
390 2507 686 2553 certamen
716 2490 1007 2554 obversati
1043 2487 1549 2570 castris-poterant
1571 2534 1592 2565 ‚
1626 2509 1826 2571 neque

290 2569 609 2633 castrorum
674 2569 1039 2652 oppugnatio
1106 2566 1298 2629 facilis
1363 2584 1490 2628 erat
1544 2599 1560 2640 ς
1618 2568 1828 2632 urbem

294 2661 319 2694 ¹
372 2652 653 2722 Ascuam,
689 2648 815 2732 qui>
852 2648 995 2713 fines
1035 2646 1291 2710 hostium
1334 2643 1670 2729 ingrediens
1714 2650 1829 2710 As-

290 2728 502 2794 drubal
548 2730 913 2793 frumentum
956 2728 1437 2807 commeatusque
1497 2725 1639 2788 alios
1677 2747 1832 2790 con·

288 2828 571 2885 vexerat,
598 2810 658 2874 vi
692 2807 935 2894 capiunt
956 2854 978 2884 ‚
1006 2806 1288 2896 omnique
1335 2805 1516 2896 circi·
1539 2824 1682 2888 agro
1719 2830 1834 2890 po-

290 2890 544 2955 tiuntur.
572 2911 681 2954 nec
702 2889 817 2973 jam
844 2907 949 2954 aut
974 2888 1033 2951 in
1068 2904 1296 2970 agmine
1315 2931 1336 2960 ‚
1370 2902 1472 2947 aut
1499 2905 1562 2947 m
1589 2885 1786 2950 castris
1809 2932 1832 2966 ,

291 3040 525 3090 Romanis
547 3072 563 3097 ,
596 3035 832 3088 Asdrubal
851 3035 903 3084 in
920 3051 1027 3084 eam
1161 3045 1181 3078 1
1207 3029 1460 3094 Ascuam]
1481 3033 1674 3078 Nomen
1692 3032 1834 3096 igno-

291 3116 479 3169 gentem
498 3104 640 3151 vertit
661 3099 858 3148 bellum.
1090 3109 1198 3146 tum
1245 3095 1469 3143 omnibus
1519 3101 1616 3142 Geo
1651 3097 1828 3158 taphis.

354 3181 375 3224 3
413 3167 525 3212 Tum
558 3166 745 3230 copias]
780 3161 1031 3218 Redundat
1093 3161 1260 3222 scripti
1299 3161 1351 3206 δε
1385 3172 1562 3207 veteres
1588 3175 1614 3208 e
1653 3162 1704 3208 ‘ti
1739 3161 1832 3209 ha-

286 3229 524 3288 Patticula
554 3241 666 3280 tm.
986 3231 989 3234 ’
1096 3223 1210 3273 bent
1245 3219 1476 3288 Ascuam.
