2275 3842
539 149 693 266 121
744 211 789 264 n
846 211 893 266 ι
948 215 997 266 a
1094 187 1446 264 xxm.
1622 211 1779 287 217

238 305 383 356 cum
415 287 542 354 asta
579 287 797 360 essent,
828 288 1107 372 spemque
1143 309 1382 352 omnem
1423 285 1626 352 auxilii
1659 293 1778 356 Ro·
1803 299 2030 352 απυδ·

244 369 418 436 mani.
450 371 578 453 Ipse
606 371 637 430 a
663 367 923 432 Cafilino
952 368 1244 432 Calatiam
1273 368 1425 454 petit
1447 389 1462 430 ε
1484 386 1664 452 atque
1689 370 1777 430 in·
1798 358 2032 403 ‘'0⁴²¹“

245 452 318 515 de
346 447 647 514 Vulturno
670 469 837 511 amne
862 448 1107 529 traje&o
1128 494 1150 522 ‚
1195 469 1420 532 perque
1443 469 1474 510 a
1517 470 1649 511 rum
1678 453 1784 512 Sa·
1861 478 1870 489 =

247 529 575 596 ticulanum
602 529 1083 612 Trebianumque
1116 531 1288 615 supet
1324 533 1440 592 Sue
1487 529 1644 592 ulam
1678 550 1783 613 pet

248 629 481 674 montes
510 609 725 672 Nolam
749 611 1041 696 pervenit.

325 695 455 753 XV.
496 690 620 752 Sub
656 688 976 753 adventum
1049 687 1272 752 raetoris
1307 689 1600 766 Romani,
1635 693 1786 754 1³oe-

254 790 366 834 nus
392 787 534 852 agro
556 769 797 832 Nolano
824 789 970 831 exce
1014 784 1098 831 it:
1126 772 1189 832 δε
1216 768 1290 833 ad
1320 790 1479 833 mare
1513 770 1786 864 proxime

254 848 567 934 Neapolim
600 849 945 925 descendit,
970 847 1223 934 cupidus
1261 852 1540 913 maritimi
1576 873 1654 933 op
1698 849 1786 916 idi

254 929 527 1013 potiundi
546 976 565 1005 ,
604 929 731 1013 qui>
766 931 969 993 cursus
994 929 1246 992 navibus
1281 946 1450 992 tutus
1479 951 1554 993 ex
1580 936 1632 991 A
1665 931 1800 1018 τίσι,

255 1008 413 1072 esset.
450 1009 779 1086 Ceterum,
808 1009 1186 1094 posteaquam
1218 1009 1532 1093 Neapolim
1571 1009 1604 1072 a
1643 1030 1792 1094 prae-

256 1090 417 1153 festo
454 1093 721 1154 Romano
756 1090 943 1162 teneri
975 1090 1244 1182 accepit,
1283 1092 1416 1169 (M.
1454 1091 1667 1164 Iunius
1695 1089 1787 1154 Si-.-
1874 1136 1882 1147 .

256 1169 421 1234 lanus
444 1187 571 1233 erat
588 1215 607 1246 ,
634 1170 706 1232 ab
732 1170 862 1251 ipfis
888 1169 1298 1250 Neapolitanis
1322 1170 1591 1249 accitus)
1617 1175 1785 1233 Nea-

259 1249 383 1336 poli
424 1271 670 1334 quoque
706 1249 853 1313 ficut
898 1249 1060 1312 Nola
1101 1248 1349 1324 omissi,
1386 1251 1537 1334 petit
1571 1256 1628 1313 N
1639 1251 1783 1313 uce-
1844 1253 2039 1323 Αὐυξὸαῑ

259 1330 426 1394 riam.
486 1334 625 1392 Eam
665 1352 857 1414 quum
901 1328 1242 1414 aliquandiu
1281 1329 1739 1393 circumsedisset
1765 1315 2037 1428 ςξζῖξξῗω

259 1411 402 1494 saepe
441 1411 540 1486 vi,
580 1412 720 1493 saepe
764 1409 1148 1473 sollicitandis
1191 1411 1590 1494 nequicquam
1625 1430 1788 1475 nunc

260 1489 433 1574 plebe
458 1533 477 1564 ,
514 1511 673 1554 nunc
702 1489 1104 1575 principibus,
1134 1488 1288 1553 fame
1319 1489 1558 1554 demum
1595 1491 1654 1553 in
1686 1491 1794 1554 de-

262 1570 551 1634 ditionem
590 1571 859 1655 accepit,
895 1569 1099 1655 paetus
1128 1587 1200 1632 ut
1230 1569 1482 1634 inermes
1513 1592 1652 1636 cum
1683 1571 1799 1635 fin·-

262 1649 420 1734 gulis
444 1649 670 1714 abirent
693 1651 1072 1714 vestimentis.
1088 1649 1304 1713 deinde
1319 1699 1338 1726 ‚
1363 1667 1432 1714 ut
1499 1653 1563 1716 ui
1587 1653 1618 1716 a
1638 1653 1796 1736 prin-

262 1729 426 1813 cipio
452 1730 613 1794 mitis
636 1733 911 1795 omnibus
938 1730 1160 1796 Italicis
1177 1775 1198 1805 ‚
1225 1749 1433 1814 praeter
1506 1753 1753 1796 omanos
1767 1777 1793 1808 ,

264 1810 455 1876 videri
494 1810 676 1874 vellet
712 1857 733 1888 ‚
778 1810 1007 1896 praemia
1048 1828 1229 1893 atque
1274 1823 1298 1854 ¹
1344 1811 1604 1876 honores
1627 1859 1648 1890 ,
1687 1814 1800 1898 qui

266 1909 631 1956 remanerent
646 1938 665 1967 ‚
688 1912 755 1953 ac
780 1892 1031 1955 militare
1056 1893 1256 1952 secum
1276 1890 1626 1968 voluissent,
1693 1915 1800 1955 ro-

265 1971 481 2055 posuit.
526 1978 657 2034 Nec
693 1971 763 2033 e‘a
804 1973 903 2055 spe
946 1991 1306 2110 quemquam
1348 1973 1560 2034 tenuit.
1596 1971 1656 2034 di
1683 1971 1800 2058 apii

265 2071 475 2114 omnes
495 2097 513 2127 ,
544 2064 571 2094 ²
613 2071 1002 2136 quocumque
1028 2050 1122 2112 ho
1153 2048 1294 2134 pitia
1315 2099 1333 2124 ,
1370 2069 1475 2114 aut
1511 2051 1802 2116 fortuitus

269 2131 449 2196 animi
492 2129 747 2214 impetus
791 2130 936 2194 tulit
972 2177 995 2208 ‚
1085 2150 1148 2193 et
1195 2132 1530 2215 Campaniae
1577 2134 1801 2208 utbeS,

270 2209 523 2276 maxime
563 2211 778 2274 Nolam
826 2216 1034 2297 Neapo
1061 2211 1279 2311 imque.
1345 2216 1566 2291 Quum
1612 2210 1802 2277 ferme.

272 2292 513 2374 triginta
548 2293 841 2356 senatores
874 2338 896 2369 ,
938 2311 1007 2354 ac
1045 2289 1205 2354 forte
1239 2289 1462 2376 primus
1507 2290 1757 2376 quisque
1779 2339 1802 2368 ,

276 2377 545 2457 Capuam
580 2363 852 2456 petissent
878 2406 893 2446 ς
918 2368 1138 2435 exclusi
1177 2371 1314 2433 inde
1338 2418 1358 2446 ,
1399 2370 1567 2455 quod
1603 2388 1804 2456 portas

274 2451 556 2514 Annibali
601 2450 963 2527 claufiffent‚
1017 2456 1240 2514 Cumas
1291 2452 1348 2516 se
1399 2449 1805 2516 contulerunt.

275 2531 553 2596 Nuceriae
588 2532 779 2618 ptaeda
820 2531 996 2594 militi
1041 2530 1177 2594 data
1215 2529 1296 2594 est
1321 2577 1343 2608 ,
1383 2531 1523 2596 urbs
1574 2531 1808 2616 direpta.

344 2691 364 2723 1
407 2680 611 2727 Honores
638 2709 655 2734 ‚
698 2677 779 2746 qui
810 2692 1011 2726 remanea
1068 2673 1182 2741 flino
1209 2674 1282 2723 die
1309 2680 1392 2744 qui
1416 2681 1594 2727 nomina
1625 2675 1804 2728 dederi·

279 2753 381 2790 rem
398 2776 439 2791 ..
457 2777 471 2792 .
506 2741 726 2811 proposuit
746 2749 768 2803 ]
807 2745 1014 2790 Honores
1074 2741 1140 2788 n's
1155 2773 1171 2800 ,
1211 2745 1354 2801 (eos)
1386 2759 1554 2792 mecum
1579 2742 1759 2792 ducam.

278 2806 502 2872 proposuit
530 2809 587 2854 iis
615 2808 697 2872 qui
722 2816 1013 2854 remanerent.

280 2872 399 2918 Non
418 2867 531 2918 rato
549 2870 797 2934 supprimit
815 2874 865 2918 in
886 2873 1014 2918 hunc
1144 2883 1171 2914 2
1230 2865 1512 2936 Quemque
1563 2867 1758 2932 hospitia
1779 2876 1805 2934 1

280 2933 483 2982 modum
519 2937 806 2998 pronomina
839 2936 1013 2983 Livius.
1079 2933 1238 2996 Magis
1269 2935 1512 2981 Livianum
1544 2936 1814 2994 videretur,

281 3000 357 3046 Sic
377 2998 410 3045 l.
436 3004 583 3048 IV.c.
606 3014 650 3056 3.
687 3000 821 3046 Civis
850 3002 1018 3046 Roma·
1060 2997 1166 3076 {1⁸⁴⁶
1212 3013 1430 3065 quemque
1474 2996 1688 3062 hospitia.
1742 3000 1818 3047 Sic

282 3077 374 3110 nus
397 3060 438 3124 fi
456 3061 521 3125 fit
549 3078 609 3110 ex
636 3061 759 3129 plebe.
783 3098 799 3120 ,
839 3062 1019 3128 praecisa
1081 3058 1210 3109 infr&
1234 3095 1251 3120 ,
1285 3079 1328 3110 c.
1368 3075 1444 3119 17.
1480 3064 1575 3129 qui
1605 3075 1822 3128 quemque

282 3128 303 3176 (
324 3128 405 3182 ei)
453 3124 708 3190 consulueris
744 3124 845 3191 spes
890 3125 977 3173 erit
995 3123 1020 3174 ἒ
1082 3137 1167 3172 aut
1193 3125 1420 3191 confilium
1440 3157 1460 3188 2
1488 3138 1571 3174 am
1595 3143 1712 3178 error
1739 3137 1818 3180 (κο.

289 3190 343 3240 δε
372 3193 432 3236 X.
466 3203 546 3244 25.
583 3191 816 3238 Hodierno
844 3196 907 3245 (9⁴
928 3204 1025 3240 cra·
1084 3187 1160 3240 lit.

382 3257 540 3321 Tem.
574 3260 684 3321 ΙΙΙ.
1431 3303 1436 3333 3
1495 3257 1545 3316 Κ
