2275 3842
459 208 620 295 ‘170
769 265 776 269 .
942 190 1042 271 T.
1138 189 1569 280 Lrvrt

205 310 348 365 uos
364 319 436 367 36·
459 297 642 360 alieno
671 290 905 355 crimine
934 295 1306 357 innocentiam
1328 314 1507 362 meam
1522 312 1833 378 protegam.
1862 298 2009 361 Haec

203 370 436 433 ³2·C·2¹⁶·
461 377 769 461 exigentes
803 420 825 451 ,
872 372 1034 457 prius
1089 375 1264 439 turba
1312 372 1675 457 fugientium
1732 376 2001 455 civium,

461 456 678 522 deinde
703 454 916 519 hostes
949 454 1280 540 oppressere
1300 478 1317 527 ς
1338 454 1647 536 consulem
1671 502 1693 532 ‚
1726 456 2011 540 ignoran-·

462 556 558 603 tes
597 537 734 623 quis
777 534 956 613 effer,
985 536 1243 600 obruere
1287 536 1422 600 telis
1447 561 1467 610 ς
1494 534 1815 601 Lentulum
1850 538 2007 603 inter

459 620 791 684 tumultum
815 617 1074 705 abripuit
1101 638 1313 702 equuS.
1346 635 1476 681 tum
1506 618 1650 698 inde.
1684 617 1869 682 effuse
1899 618 2003 681 fu-

457 702 657 843 giunt.
701 702 941 781 Septem
971 696 1155 763 millia
1186 698 1505 761 hominum
1538 699 1599 761 in
1637 698 2001 763 minora-ca-

459 781 862 857 irastdecem
897 778 959 843 in
1001 780 1223 863 majora
1250 826 1273 856 ,
1314 778 1439 844 duo
1478 778 1665 843 ferme
1703 779 1765 842 in
1799 779 2003 848 vicum

453 862 482 923 i
525 864 653 925 sum
693 863 932 925 Cannas
979 861 1376 947 perfugerant
1410 883 1428 924 t·
1470 860 1577 945 qui
1616 860 1919 946 externplo
1964 860 2003 923 a

517 940 825 1006 arthalone
853 960 1032 1029 atque
1061 942 1368 1028 equitibus
1385 987 1403 1017 ,
1430 940 1599 1005 nullo
1624 942 2001 1007 munimento
2086 962 2089 965 ’

455 1040 701 1107 tegente
746 1023 947 1087 vicum
972 1071 993 1099 ,
1037 1024 1433 1100 circumventi
1470 1023 1625 1086 sunt.
1659 1021 1887 1085 Consul
1917 1022 2002 1085 al-

453 1120 549 1169 ter
571 1150 591 1179 ‚
621 1106 720 1169 seu
744 1102 902 1167 forte
924 1150 943 1179 ‚
968 1106 1072 1167 seu
1094 1104 1377 1180 consilio,
1410 1107 1434 1146 ⁸
1460 1102 1611 1167 nulli
1633 1100 1998 1203 fugientium

453 1184 703 1257 infestus
738 1186 995 1269 agmini,
1022 1205 1163 1249 curn
1200 1184 1567 1271 septuaginta
1610 1182 1737 1259 fere
1776 1184 2003 1267 equiti-

252 1284 413 1332 >clades
457 1266 571 1330 bus
602 1266 916 1346 Venhfiam
957 1264 1244 1350 perfugit.
1288 1278 1319 1320 9
1365 1264 1778 1347 Quadraginta
1804 1264 2001 1328 millia

187 1354 359 1457 ἓξὲξ
459 1345 729 1431 peditum
742 1392 774 1422 ‚i
790 1345 914 1409 duo
940 1346 1121 1411 millia
1148 1345 1502 1439 septingenti
1526 1345 1803 1431 equites,
1838 1356 1900 1389 ¹0
1935 1348 2001 1409 δε

455 1444 623 1491 tanta
648 1448 834 1513 prope
862 1428 1088 1492 civium
1115 1430 1534 1509 sociorumque
1560 1446 1691 1512 pars
1710 1471 1730 1499 ‚
1756 1425 1879 1488 caefi
1899 1424 2001 1489 di-

459 1527 684 1576 cuntur
716 1537 734 1586 3
783 1510 843 1571 in
881 1507 976 1570 his
1011 1508 1189 1571 ambo
1224 1506 1537 1571 consulum
1575 1506 1889 1590 quaestores
1920 1510 1994 1574 1..

459 1589 726 1666 Atilius,
752 1592 814 1653 δε
849 1594 915 1651 L.
948 1589 1155 1653 Furius
1188 1586 1507 1651 Bibaculus
1544 1608 1560 1649 t
1601 1606 1758 1652 unus
1803 1589 1865 1650 δε
1903 1586 2003 1656 vi-

452 1669 616 1754 ginti
670 1670 896 1733 tribuni
955 1669 1215 1752 militum
1261 1689 1277 1731 z
1324 1666 1660 1731 consulares
1718 1666 1958 1749 quidam
1982 1708 2003 1735 ι

289 1825 296 1831 ι
458 1796 464 1803 -
505 1750 883 1833 raetoriique‚
919 1752 982 1814 δε
1023 1748 1287 1813 aedilitii:
1316 1748 1471 1811 inter
1508 1768 1613 1811 eos
1648 1751 1767 1811 Cn.
1808 1748 2007 1814 Servi-

385 1844 388 1849 ’
459 1774 611 1897 iiam
641 1830 1004 1906 Geminum,
1033 1833 1096 1894 Sc
1137 1838 1226 1894 M.
1264 1829 1605 1893 Minucium
1644 1848 2005 1906 numerant,

456 1912 573 1998 qui
606 1910 876 1996 magister
903 1911 1182 1995 equitum
1212 1910 1409 1995 priore
1438 1930 1593 1973 anno
1610 1957 1629 1986 ,
1659 1909 1866 1974 consul
1894 1910 2005 1973 ali·

509 2010 620 2057 uot
642 1992 810 2057 annis
833 1992 970 2056 ante
997 1991 1232 2056 fuerat:
1258 1991 1562 2075 ostoginta
1598 2008 1872 2073 praeterea
1898 2007 2005 2058 aut

490 2091 762 2140 enatores
797 2118 820 2148 ,
861 2082 919 2117 ¹¹
967 2090 1072 2137 aut
1113 2072 1221 2155 qui
1260 2092 1363 2138 eos
1408 2094 1499 2135 ma
1544 2070 1774 2137 istratus
1807 2072 2005 2155 gellis·-⁸

459 2156 632 2235 sent,
670 2154 830 2225 unde
873 2153 936 2217 iu
975 2156 1243 2219 senatum
1283 2152 1404 2237 legi
1444 2153 1517 2217 de
1561 2170 1731 2217 erent
1752 2200 1774 2231 ‚
1813 2146 2004 2239 quum

531 2320 567 2367 8·
582 2317 720 2369 Nulli
721 2314 1000 2385 fugientium
1016 2294 1203 2383 infestus

363 2378 376 2409 ·‘
457 2385 673 2450 agmini]
698 2386 885 2435 Vitium
907 2378 971 2429 est
1002 2383 1052 2428 in
1081 2396 1201 2431 voce

453 2449 662 2514 infilius.
710 2446 854 2498 Nihil
900 2446 1069 2494 melius
1113 2462 1198 2495 oc-

453 2518 609 2563 currit
625 2547 643 2573 ,
669 2512 816 2578 quam
844 2510 974 2577 quod
999 2512 1200 2575 conjicit

453 2580 729 2636 Gronovius
745 2612 762 2637 ,
787 2575 1024 2651 ἰνζηηὶβκφ
1057 2640 1066 2651 ⁸

453 2637 1198 2779 αἱιῖἓκᾊῗῖἐὲᾭηωιῖιιιιιᾞεῗξὲ

454 2770 508 2819 in
531 2775 586 2820 M
631 2803 644 2817 .
665 2770 972 2839 quade-agmen
989 2787 1199 2838 qumque

451 2821 602 2884 millia
617 2868 640 2898 ‚
669 2835 745 2885 vel
795 2838 941 2884 etiam
988 2834 1195 2901 quadra-

447 2900 586 2967 ginta
625 2900 824 2968 quinque
862 2896 1014 2948 millia
1089 2902 1194 2947 uin·

439 2964 573 3029 genta·
591 2962 783 3031 pedites.
814 2968 922 3013 Hoc
946 2978 1060 3028 amp
1083 2965 1196 3013 effl-

257 3036 265 3041 '
347 3058 378 3072 .-
449 3042 580 3075 mur.
631 3028 798 3077 Paffim
836 3030 964 3077 enim
1006 3028 1089 3079 ubi
1132 3029 1192 3091 de

449 3090 683 3142 Cannensi
746 3108 906 3159 pugna
972 3096 1131 3157 agitur
1168 3129 1187 3155 ,

447 3158 794 3223 qninquaginta
851 3162 1189 3210 Romanorum

443 3222 606 3273 millia
641 3224 760 3275 caesa
792 3221 1031 3275 dicuntur.

1331 2329 1391 2365 10
1410 2316 1628 2367 Etxeantae
1644 2322 1811 2386 prope]
1833 2315 1878 2365 Si
1896 2316 2000 2367 haec

1261 2380 1377 2431 sana
1400 2382 1505 2431 sunt
1524 2416 1541 2443 ,
1568 2393 1705 2430 tanta
1736 2380 1816 2430 hic
1848 2382 2000 2431 sumi-

1260 2460 1337 2494 tur
1364 2462 1455 2512 pro
1478 2446 1602 2515 aeun·
1626 2463 1791 2513 magna
1806 2479 1823 2505 ,
1841 2464 1999 2515 aequae·

1260 2508 1323 2558 lis
1342 2528 1358 2557 .-
1376 2526 1429 2560 ut
1447 2511 1600 2560 sensus
1623 2509 1678 2559 fit
1696 2545 1715 2572 ,
1744 2526 1907 2576 parem
1926 2514 1997 2560 ci·

1259 2578 1395 2625 vium
1442 2578 1776 2642 sociorumque
1827 2592 2001 2627 nume-

1258 2655 1368 2690 tum
1386 2638 1615 2693 cecidisse.

1330 2719 1350 2753 1
1365 2720 1385 2756 1
1426 2713 1540 2757 Aut·
1556 2704 1639 2774 qui
1662 2719 1737 2753 eos
1757 2702 1998 2769 mgistra-

1258 2781 1336 2819 tus
1346 2768 1593 2837 geffiffem]
1621 2770 1721 2823 Qui
1738 2766 1993 2832 magistra·

1257 2848 1331 2883 tus
1382 2834 1564 2884 curules
1606 2827 1839 2897 gefferant
1870 2866 1887 2891 ,
1934 2835 1999 2884 iis

1256 2900 1354 2948 hoc
1376 2901 1447 2964 ius
1471 2910 1574 2946 erat
1591 2929 1610 2956 ,
1631 2908 1686 2945 ut
1707 2893 1735 2943 ὰ
1760 2901 1999 2960 proximis

1255 2962 1361 3029 post
1416 2961 1596 3028 gestum
1654 2958 1993 3027 magistratum
2076 2964 2083 2969 '

1253 3028 1389 3077 suum
1412 3026 1685 3077 censoribus
1703 3028 1755 3075 in
1778 3026 1997 3077 senatum

1252 3092 1347 3158 legi
1364 3090 1603 3141 deberent.
1632 3096 1791 3157 Atque
1810 3095 1955 3141 etiam
1973 3126 1999 3153 ,

1253 3170 1507 3222 antequam
1539 3159 1594 3206 in
1622 3158 1836 3207 senatum
1868 3158 1995 3223 lege-

1252 3234 1413 3273 rentur
1446 3225 1499 3274 &
1536 3224 1774 3275 senatores
1804 3219 1949 3273 effent
1968 3240 1993 3283 ς
