<?xml version="1.0" encoding="UTF-8"?>
<!DOCTYPE html PUBLIC "-//W3C//DTD XHTML 1.0 Transitional//EN"
    "http://www.w3.org/TR/xhtml1/DTD/xhtml1-transitional.dtd">
<html xmlns="http://www.w3.org/1999/xhtml" xml:lang="en" lang="en">
 <head>
  <title>
</title>
<meta http-equiv="Content-Type" content="text/html;charset=utf-8" />
  <meta name='ocr-system' content='tesseract 3.04.00' />
  <meta name='ocr-capabilities' content='ocr_page ocr_carea ocr_par ocr_line ocrx_word'/>
</head>
<body>
  <div class='ocr_page' id='page_1' title='image "./tliviihistoriar02unkngoog_0198.png"; bbox 0 0 2275 3842; ppageno 0'>
   <div class='ocr_carea' id='block_1_1' title="bbox 25 3347 31 3430">
    <p class='ocr_par' dir='ltr' id='par_1_1' title="bbox 25 3347 31 3430">
     <span class='ocr_line' id='line_1_1' title="bbox 25 3347 31 3430; baseline 0 0"><span class='ocrx_word' id='word_1_1' title='bbox 25 3347 31 3430; x_wconf 66' lang='lat' dir='ltr'>l</span> 
     </span>
    </p>
   </div>
   <div class='ocr_carea' id='block_1_2' title="bbox 560 165 1740 315">
    <p class='ocr_par' dir='ltr' id='par_1_2' title="bbox 560 165 1740 315">
     <span class='ocr_line' id='line_1_2' title="bbox 560 165 1740 315; baseline 0.001 -20"><span class='ocrx_word' id='word_1_2' title='bbox 560 217 622 295; x_wconf 91' lang='lat' dir='ltr'>L</span> <span class='ocrx_word' id='word_1_3' title='bbox 673 243 703 296; x_wconf 92' lang='lat'>1</span> <span class='ocrx_word' id='word_1_4' title='bbox 743 165 807 298; x_wconf 23' lang='grc' dir='ltr'>’Β</span> <span class='ocrx_word' id='word_1_5' title='bbox 862 241 906 294; x_wconf 74' lang='grc' dir='ltr'>Ε</span> <span class='ocrx_word' id='word_1_6' title='bbox 960 244 1012 296; x_wconf 75' lang='lat' dir='ltr'>n</span> <span class='ocrx_word' id='word_1_7' title='bbox 1105 217 1393 296; x_wconf 86' lang='lat' dir='ltr'><strong>XXII.</strong></span> <span class='ocrx_word' id='word_1_8' title='bbox 1595 243 1740 315; x_wconf 85' lang='lat'>191</span> 
     </span>
    </p>
   </div>
   <div class='ocr_carea' id='block_1_3' title="bbox 194 316 1994 402">
    <p class='ocr_par' dir='ltr' id='par_1_3' title="bbox 194 316 1994 402">
     <span class='ocr_line' id='line_1_3' title="bbox 194 316 1994 402; baseline -0.002 -16"><span class='ocrx_word' id='word_1_9' title='bbox 194 317 325 396; x_wconf 81' lang='lat' dir='ltr'>rei,</span> <span class='ocrx_word' id='word_1_10' title='bbox 346 336 417 386; x_wconf 88' lang='lat' dir='ltr'>ut</span> <span class='ocrx_word' id='word_1_11' title='bbox 447 316 600 394; x_wconf 85' lang='lat' dir='ltr'>fama</span> <span class='ocrx_word' id='word_1_12' title='bbox 638 336 803 393; x_wconf 73' lang='lat' dir='ltr'>emt,</span> <span class='ocrx_word' id='word_1_13' title='bbox 828 335 1105 402; x_wconf 84' lang='lat' dir='ltr'>egentem</span> <span class='ocrx_word' id='word_1_14' title='bbox 1126 365 1148 394; x_wconf 90' lang='lat'>‚</span> <span class='ocrx_word' id='word_1_15' title='bbox 1186 316 1540 402; x_wconf 86' lang='lat' dir='ltr'>locupletari</span> <span class='ocrx_word' id='word_1_16' title='bbox 1579 320 1744 383; x_wconf 86' lang='lat' dir='ltr'>vole·</span> <span class='ocrx_word' id='word_1_17' title='bbox 1767 338 1994 391; x_wconf 64' lang='lat' dir='ltr'>uene.</span> 
     </span>
    </p>
   </div>
   <div class='ocr_carea' id='block_1_4' title="bbox 193 397 1996 483">
    <p class='ocr_par' dir='ltr' id='par_1_4' title="bbox 193 397 1996 483">
     <span class='ocr_line' id='line_1_4' title="bbox 193 397 1996 483; baseline -0.002 -19"><span class='ocrx_word' id='word_1_18' title='bbox 193 401 364 464; x_wconf 86' lang='lat' dir='ltr'>bant.</span> <span class='ocrx_word' id='word_1_19' title='bbox 407 405 624 480; x_wconf 89' lang='lat' dir='ltr'>Quum</span> <span class='ocrx_word' id='word_1_20' title='bbox 653 399 813 464; x_wconf 89' lang='lat' dir='ltr'>triste</span> <span class='ocrx_word' id='word_1_21' title='bbox 838 400 1176 483; x_wconf 87' lang='lat' dir='ltr'>responsum</span> <span class='ocrx_word' id='word_1_22' title='bbox 1197 443 1216 471; x_wconf 90' lang='lat'>,</span> <span class='ocrx_word' id='word_1_23' title='bbox 1243 419 1365 461; x_wconf 89' lang='lat' dir='ltr'>non</span> <span class='ocrx_word' id='word_1_24' title='bbox 1401 397 1613 462; x_wconf 85' lang='lat' dir='ltr'>redimi</span> <span class='ocrx_word' id='word_1_25' title='bbox 1645 422 1742 464; x_wconf 83' lang='lat' dir='ltr'>ca·</span> <span class='ocrx_word' id='word_1_26' title='bbox 1762 397 1996 453; x_wconf 63' lang='lat' dir='ltr'>²·0v21‘·</span> 
     </span>
    </p>
   </div>
   <div class='ocr_carea' id='block_1_5' title="bbox 182 479 1996 2096">
    <p class='ocr_par' dir='ltr' id='par_1_5' title="bbox 182 479 1996 2096">
     <span class='ocr_line' id='line_1_5' title="bbox 193 479 1744 568; baseline 0.001 -24"><span class='ocrx_word' id='word_1_27' title='bbox 193 482 437 568; x_wconf 62' lang='grc' dir='ltr'><em>γένος,</em></span> <span class='ocrx_word' id='word_1_28' title='bbox 475 480 777 544; x_wconf 88' lang='lat' dir='ltr'>redditum</span> <span class='ocrx_word' id='word_1_29' title='bbox 817 479 990 556; x_wconf 75' lang='lat' dir='ltr'>esset,</span> <span class='ocrx_word' id='word_1_30' title='bbox 1018 481 1330 564; x_wconf 85' lang='lat' dir='ltr'>novusque</span> <span class='ocrx_word' id='word_1_31' title='bbox 1369 480 1544 562; x_wconf 87' lang='lat' dir='ltr'>super</span> <span class='ocrx_word' id='word_1_32' title='bbox 1579 499 1744 545; x_wconf 91' lang='lat' dir='ltr'>vete-</span> 
     </span>
     <span class='ocr_line' id='line_1_6' title="bbox 194 559 1738 643; baseline -0.001 -16"><span class='ocrx_word' id='word_1_33' title='bbox 194 583 321 627; x_wconf 85' lang='lat' dir='ltr'>rem</span> <span class='ocrx_word' id='word_1_34' title='bbox 358 561 555 626; x_wconf 67' lang='lat' dir='ltr'>Iustus</span> <span class='ocrx_word' id='word_1_35' title='bbox 595 580 691 625; x_wconf 88' lang='lat' dir='ltr'>tot</span> <span class='ocrx_word' id='word_1_36' title='bbox 727 561 949 643; x_wconf 53' lang='lat' dir='ltr'>jacitur&amp;</span> <span class='ocrx_word' id='word_1_37' title='bbox 984 560 1209 624; x_wconf 88' lang='lat' dir='ltr'>civium</span> <span class='ocrx_word' id='word_1_38' title='bbox 1248 559 1512 640; x_wconf 68' lang='lat' dir='ltr'>adjestus</span> <span class='ocrx_word' id='word_1_39' title='bbox 1550 559 1738 638; x_wconf 84' lang='lat' dir='ltr'>esset,</span> 
     </span>
     <span class='ocr_line' id='line_1_7' title="bbox 194 640 1740 727; baseline -0.001 -20"><span class='ocrx_word' id='word_1_40' title='bbox 194 663 340 707; x_wconf 88' lang='lat' dir='ltr'>cum</span> <span class='ocrx_word' id='word_1_41' title='bbox 381 643 608 727; x_wconf 83' lang='lat' dir='ltr'>magnis</span> <span class='ocrx_word' id='word_1_42' title='bbox 631 641 885 705; x_wconf 85' lang='lat' dir='ltr'>&#39;fletibus</span> <span class='ocrx_word' id='word_1_43' title='bbox 927 641 1347 726; x_wconf 85' lang='lat' dir='ltr'>questibusque</span> <span class='ocrx_word' id='word_1_44' title='bbox 1391 640 1622 725; x_wconf 85' lang='lat' dir='ltr'>legatos</span> <span class='ocrx_word' id='word_1_45' title='bbox 1664 643 1740 706; x_wconf 86' lang='lat' dir='ltr'>ad</span> 
     </span>
     <span class='ocr_line' id='line_1_8' title="bbox 197 721 1966 810; baseline -0.004 -24"><span class='ocrx_word' id='word_1_46' title='bbox 197 740 431 810; x_wconf 85' lang='lat' dir='ltr'>portam</span> <span class='ocrx_word' id='word_1_47' title='bbox 477 723 778 808; x_wconf 86' lang='lat' dir='ltr'>prosecuti</span> <span class='ocrx_word' id='word_1_48' title='bbox 827 724 980 787; x_wconf 89' lang='lat' dir='ltr'>sunt.</span> <span class='ocrx_word' id='word_1_49' title='bbox 1036 729 1206 788; x_wconf 87' lang='lat' dir='ltr'>Unus</span> <span class='ocrx_word' id='word_1_50' title='bbox 1256 744 1328 786; x_wconf 85' lang='lat' dir='ltr'>ex</span> <span class='ocrx_word' id='word_1_51' title='bbox 1373 722 1444 784; x_wconf 89' lang='lat' dir='ltr'>iis</span> <span class='ocrx_word' id='word_1_52' title='bbox 1493 721 1772 787; x_wconf 90' lang='lat' dir='ltr'>domum·</span> <span class='ocrx_word' id='word_1_53' title='bbox 1817 733 1966 806; x_wconf 57' lang='lat' dir='ltr'>2132·sz</span> 
     </span>
     <span class='ocr_line' id='line_1_9' title="bbox 198 794 1996 948; baseline 0.001 -81"><span class='ocrx_word' id='word_1_54' title='bbox 198 803 346 884; x_wconf 86' lang='lat' dir='ltr'>abiit</span> <span class='ocrx_word' id='word_1_55' title='bbox 364 851 383 878; x_wconf 88' lang='lat'><strong>‚</strong></span> <span class='ocrx_word' id='word_1_56' title='bbox 411 803 581 948; x_wconf 46' lang='lat' dir='ltr'>quod</span> <span class='ocrx_word' id='word_1_57' title='bbox 608 803 803 867; x_wconf 89' lang='lat' dir='ltr'>fallaci</span> <span class='ocrx_word' id='word_1_58' title='bbox 835 802 1029 866; x_wconf 90' lang='lat' dir='ltr'>reditu</span> <span class='ocrx_word' id='word_1_59' title='bbox 1056 803 1120 866; x_wconf 89' lang='lat' dir='ltr'>in</span> <span class='ocrx_word' id='word_1_60' title='bbox 1150 803 1330 867; x_wconf 86' lang='lat' dir='ltr'>castra</span> <span class='ocrx_word' id='word_1_61' title='bbox 1359 802 1738 885; x_wconf 80' lang='lat' dir='ltr'>jurejurando</span> <span class='ocrx_word' id='word_1_62' title='bbox 1757 794 1996 903; x_wconf 53' lang='grc' dir='ltr'>ξῗέζζζζξ·</span> 
     </span>
     <span class='ocr_line' id='line_1_10' title="bbox 198 883 1972 971; baseline -0.001 -23"><span class='ocrx_word' id='word_1_63' title='bbox 198 887 259 948; x_wconf 90' lang='lat' dir='ltr'>se</span> <span class='ocrx_word' id='word_1_64' title='bbox 290 886 429 948; x_wconf 86' lang='lat' dir='ltr'>exso</span> <span class='ocrx_word' id='word_1_65' title='bbox 456 883 641 949; x_wconf 71' lang='lat' dir='ltr'>visset.</span> <span class='ocrx_word' id='word_1_66' title='bbox 682 884 875 965; x_wconf 90' lang='lat' dir='ltr'>Quod</span> <span class='ocrx_word' id='word_1_67' title='bbox 902 884 1006 947; x_wconf 91' lang='lat' dir='ltr'>ubi</span> <span class='ocrx_word' id='word_1_68' title='bbox 1033 884 1298 948; x_wconf 88' lang='lat' dir='ltr'>innotuit</span> <span class='ocrx_word' id='word_1_69' title='bbox 1317 929 1336 959; x_wconf 90' lang='lat'>,</span> <span class='ocrx_word' id='word_1_70' title='bbox 1367 885 1743 971; x_wconf 85' lang='lat' dir='ltr'>relatumque</span> <span class='ocrx_word' id='word_1_71' title='bbox 1759 909 1808 952; x_wconf 68' lang='grc' dir='ltr'>αι·</span> <span class='ocrx_word' id='word_1_72' title='bbox 1834 907 1972 951; x_wconf 59' lang='lat' dir='ltr'>inter..</span> 
     </span>
     <span class='ocr_line' id='line_1_11' title="bbox 198 965 1962 1048; baseline -0.001 -20"><span class='ocrx_word' id='word_1_73' title='bbox 198 965 277 1029; x_wconf 83' lang='lat' dir='ltr'>ad</span> <span class='ocrx_word' id='word_1_74' title='bbox 304 967 564 1029; x_wconf 83' lang='lat' dir='ltr'>senatum</span> <span class='ocrx_word' id='word_1_75' title='bbox 590 965 673 1028; x_wconf 90' lang='lat' dir='ltr'>est</span> <span class='ocrx_word' id='word_1_76' title='bbox 696 1013 715 1040; x_wconf 88' lang='lat'>‚</span> <span class='ocrx_word' id='word_1_77' title='bbox 741 985 949 1028; x_wconf 87' lang='lat' dir='ltr'>omnes</span> <span class='ocrx_word' id='word_1_78' title='bbox 972 968 1332 1028; x_wconf 89' lang='lat' dir='ltr'>censuerunt</span> <span class='ocrx_word' id='word_1_79' title='bbox 1357 967 1742 1048; x_wconf 88' lang='lat' dir='ltr'>comprehen-</span> <span class='ocrx_word' id='word_1_80' title='bbox 1757 965 1962 1048; x_wconf 52' lang='lat' dir='ltr'>premi?-</span> 
     </span>
     <span class='ocr_line' id='line_1_12' title="bbox 197 1045 1745 1131; baseline 0.001 -22"><span class='ocrx_word' id='word_1_81' title='bbox 197 1045 461 1110; x_wconf 89' lang='lat' dir='ltr'>dendum</span> <span class='ocrx_word' id='word_1_82' title='bbox 482 1093 503 1121; x_wconf 90' lang='lat'>,</span> <span class='ocrx_word' id='word_1_83' title='bbox 538 1050 599 1110; x_wconf 74' lang='grc' dir='ltr'>δε</span> <span class='ocrx_word' id='word_1_84' title='bbox 626 1046 971 1110; x_wconf 87' lang='lat' dir='ltr'>custodibus</span> <span class='ocrx_word' id='word_1_85' title='bbox 994 1046 1238 1131; x_wconf 74' lang='lat' dir='ltr'>publice</span> <span class='ocrx_word' id='word_1_86' title='bbox 1265 1046 1418 1109; x_wconf 88' lang='lat' dir='ltr'>datis</span> <span class='ocrx_word' id='word_1_87' title='bbox 1443 1045 1745 1110; x_wconf 88' lang='lat' dir='ltr'>deducen-</span> 
     </span>
     <span class='ocr_line' id='line_1_13' title="bbox 198 1125 1746 1212; baseline 0.001 -22"><span class='ocrx_word' id='word_1_88' title='bbox 198 1127 347 1190; x_wconf 88' lang='lat' dir='ltr'>dum</span> <span class='ocrx_word' id='word_1_89' title='bbox 374 1127 448 1190; x_wconf 84' lang='lat' dir='ltr'>ad</span> <span class='ocrx_word' id='word_1_90' title='bbox 474 1127 827 1190; x_wconf 86' lang='lat' dir='ltr'>Annibalem</span> <span class='ocrx_word' id='word_1_91' title='bbox 854 1125 987 1191; x_wconf 81' lang='lat' dir='ltr'>effe.</span> <span class='ocrx_word' id='word_1_92' title='bbox 1029 1141 1050 1172; x_wconf 86' lang='lat'>¹</span> <span class='ocrx_word' id='word_1_93' title='bbox 1090 1127 1184 1190; x_wconf 84' lang='lat' dir='ltr'>Est</span> <span class='ocrx_word' id='word_1_94' title='bbox 1213 1131 1277 1189; x_wconf 72' lang='grc' dir='ltr'>δε</span> <span class='ocrx_word' id='word_1_95' title='bbox 1307 1126 1414 1190; x_wconf 86' lang='lat' dir='ltr'>alia</span> <span class='ocrx_word' id='word_1_96' title='bbox 1443 1126 1516 1190; x_wconf 93' lang='lat' dir='ltr'>de</span> <span class='ocrx_word' id='word_1_97' title='bbox 1550 1128 1746 1212; x_wconf 84' lang='lat' dir='ltr'>capti-</span> 
     </span>
     <span class='ocr_line' id='line_1_14' title="bbox 199 1204 1748 1294; baseline 0.001 -22"><span class='ocrx_word' id='word_1_98' title='bbox 199 1207 294 1272; x_wconf 83' lang='lat' dir='ltr'>vis</span> <span class='ocrx_word' id='word_1_99' title='bbox 334 1206 488 1270; x_wconf 84' lang='lat' dir='ltr'>fama</span> <span class='ocrx_word' id='word_1_100' title='bbox 510 1229 524 1269; x_wconf 75' lang='grc' dir='ltr'><strong>ε</strong></span> <span class='ocrx_word' id='word_1_101' title='bbox 548 1207 756 1270; x_wconf 87' lang='lat' dir='ltr'>decem</span> <span class='ocrx_word' id='word_1_102' title='bbox 796 1208 1019 1290; x_wconf 85' lang='lat' dir='ltr'>primos</span> <span class='ocrx_word' id='word_1_103' title='bbox 1052 1204 1288 1271; x_wconf 80' lang='lat' dir='ltr'>venisse.</span> <span class='ocrx_word' id='word_1_104' title='bbox 1323 1206 1400 1270; x_wconf 88' lang='lat' dir='ltr'>de</span> <span class='ocrx_word' id='word_1_105' title='bbox 1437 1209 1523 1270; x_wconf 89' lang='lat' dir='ltr'>eis</span> <span class='ocrx_word' id='word_1_106' title='bbox 1555 1231 1748 1294; x_wconf 89' lang='lat' dir='ltr'>quum</span> 
     </span>
     <span class='ocr_line' id='line_1_15' title="bbox 198 1286 1746 1362; baseline 0.001 -11"><span class='ocrx_word' id='word_1_107' title='bbox 198 1287 541 1352; x_wconf 85' lang='lat' dir='ltr'>dubitatum</span> <span class='ocrx_word' id='word_1_108' title='bbox 589 1289 649 1351; x_wconf 88' lang='lat' dir='ltr'>in</span> <span class='ocrx_word' id='word_1_109' title='bbox 690 1291 890 1351; x_wconf 89' lang='lat' dir='ltr'>senatu</span> <span class='ocrx_word' id='word_1_110' title='bbox 937 1286 1078 1350; x_wconf 82' lang='lat' dir='ltr'>effet</span> <span class='ocrx_word' id='word_1_111' title='bbox 1119 1336 1137 1362; x_wconf 81' lang='lat'>‚</span> <span class='ocrx_word' id='word_1_112' title='bbox 1190 1287 1646 1352; x_wconf 81' lang='lat' dir='ltr'>admitterentur</span> <span class='ocrx_word' id='word_1_113' title='bbox 1682 1291 1746 1353; x_wconf 85' lang='lat' dir='ltr'>in</span> 
     </span>
     <span class='ocr_line' id='line_1_16' title="bbox 200 1367 1748 1446; baseline 0.001 -13"><span class='ocrx_word' id='word_1_114' title='bbox 200 1369 415 1433; x_wconf 86' lang='lat' dir='ltr'>urbem</span> <span class='ocrx_word' id='word_1_115' title='bbox 435 1417 454 1446; x_wconf 90' lang='lat'>,</span> <span class='ocrx_word' id='word_1_116' title='bbox 482 1390 668 1432; x_wconf 89' lang='lat' dir='ltr'>necne</span> <span class='ocrx_word' id='word_1_117' title='bbox 692 1418 709 1443; x_wconf 91' lang='lat'>‚</span> <span class='ocrx_word' id='word_1_118' title='bbox 737 1370 820 1431; x_wconf 88' lang='lat' dir='ltr'>ita</span> <span class='ocrx_word' id='word_1_119' title='bbox 846 1367 1117 1430; x_wconf 78' lang='lat' dir='ltr'>admiffos</span> <span class='ocrx_word' id='word_1_120' title='bbox 1146 1367 1258 1431; x_wconf 83' lang='lat' dir='ltr'>effe</span> <span class='ocrx_word' id='word_1_121' title='bbox 1280 1416 1300 1444; x_wconf 90' lang='lat'>,</span> <span class='ocrx_word' id='word_1_122' title='bbox 1341 1390 1416 1431; x_wconf 90' lang='lat' dir='ltr'>ne</span> <span class='ocrx_word' id='word_1_123' title='bbox 1450 1387 1647 1433; x_wconf 90' lang='lat' dir='ltr'>tamen</span> <span class='ocrx_word' id='word_1_124' title='bbox 1674 1371 1748 1434; x_wconf 77' lang='lat' dir='ltr'>iis</span> 
     </span>
     <span class='ocr_line' id='line_1_17' title="bbox 182 1448 1747 1534; baseline 0.001 -22"><span class='ocrx_word' id='word_1_125' title='bbox 182 1451 435 1513; x_wconf 82' lang='lat' dir='ltr'>‘senatus</span> <span class='ocrx_word' id='word_1_126' title='bbox 483 1448 743 1512; x_wconf 86' lang='lat' dir='ltr'>daretur.</span> <span class='ocrx_word' id='word_1_127' title='bbox 805 1449 1183 1512; x_wconf 86' lang='lat' dir='ltr'>Morantibus</span> <span class='ocrx_word' id='word_1_128' title='bbox 1238 1449 1452 1512; x_wconf 89' lang='lat' dir='ltr'>deinde</span> <span class='ocrx_word' id='word_1_129' title='bbox 1509 1449 1747 1534; x_wconf 68' lang='lat' dir='ltr'>longius</span> 
     </span>
     <span class='ocr_line' id='line_1_18' title="bbox 201 1529 1746 1614; baseline 0 -21"><span class='ocrx_word' id='word_1_130' title='bbox 201 1531 470 1593; x_wconf 88' lang='lat' dir='ltr'>omnium</span> <span class='ocrx_word' id='word_1_131' title='bbox 505 1533 643 1614; x_wconf 88' lang='lat' dir='ltr'>spe,</span> <span class='ocrx_word' id='word_1_132' title='bbox 678 1530 826 1593; x_wconf 88' lang='lat' dir='ltr'>alios</span> <span class='ocrx_word' id='word_1_133' title='bbox 864 1549 987 1593; x_wconf 86' lang='lat' dir='ltr'>tres</span> <span class='ocrx_word' id='word_1_134' title='bbox 1024 1530 1148 1592; x_wconf 87' lang='lat' dir='ltr'>insu</span> <span class='ocrx_word' id='word_1_135' title='bbox 1195 1551 1257 1592; x_wconf 89' lang='lat' dir='ltr'>er</span> <span class='ocrx_word' id='word_1_136' title='bbox 1295 1529 1522 1614; x_wconf 87' lang='lat' dir='ltr'>legatos</span> <span class='ocrx_word' id='word_1_137' title='bbox 1557 1532 1746 1595; x_wconf 89' lang='lat' dir='ltr'>venis-</span> 
     </span>
     <span class='ocr_line' id='line_1_19' title="bbox 200 1611 1744 1694; baseline 0.001 -20"><span class='ocrx_word' id='word_1_138' title='bbox 200 1614 259 1674; x_wconf 88' lang='lat' dir='ltr'>se</span> <span class='ocrx_word' id='word_1_139' title='bbox 278 1617 406 1687; x_wconf 48' lang='lat' dir='ltr'><strong>,xL.</strong></span> <span class='ocrx_word' id='word_1_140' title='bbox 452 1611 831 1676; x_wconf 87' lang='lat' dir='ltr'>Scribonium</span> <span class='ocrx_word' id='word_1_141' title='bbox 854 1657 872 1686; x_wconf 92' lang='lat'>‚</span> <span class='ocrx_word' id='word_1_142' title='bbox 900 1613 961 1674; x_wconf 87' lang='lat'>&amp;</span> <span class='ocrx_word' id='word_1_143' title='bbox 999 1613 1079 1674; x_wconf 89' lang='lat' dir='ltr'>C.</span> <span class='ocrx_word' id='word_1_144' title='bbox 1180 1611 1510 1694; x_wconf 89' lang='lat' dir='ltr'>alpurnium</span> <span class='ocrx_word' id='word_1_145' title='bbox 1532 1657 1550 1685; x_wconf 91' lang='lat'>‚</span> <span class='ocrx_word' id='word_1_146' title='bbox 1579 1615 1646 1674; x_wconf 79' lang='grc' dir='ltr'>δε</span> <span class='ocrx_word' id='word_1_147' title='bbox 1677 1618 1744 1675; x_wconf 88' lang='lat' dir='ltr'>L.</span> 
     </span>
     <span class='ocr_line' id='line_1_20' title="bbox 202 1690 1748 1775; baseline 0.001 -21"><span class='ocrx_word' id='word_1_148' title='bbox 202 1691 511 1755; x_wconf 85' lang='lat' dir='ltr'>Manlium.</span> <span class='ocrx_word' id='word_1_149' title='bbox 555 1711 685 1754; x_wconf 89' lang='lat' dir='ltr'>tum</span> <span class='ocrx_word' id='word_1_150' title='bbox 732 1691 975 1756; x_wconf 88' lang='lat' dir='ltr'>demum</span> <span class='ocrx_word' id='word_1_151' title='bbox 1025 1690 1097 1753; x_wconf 86' lang='lat' dir='ltr'>ab</span> <span class='ocrx_word' id='word_1_152' title='bbox 1138 1709 1398 1775; x_wconf 83' lang='lat' dir='ltr'>cognato</span> <span class='ocrx_word' id='word_1_153' title='bbox 1449 1691 1748 1756; x_wconf 89' lang='lat' dir='ltr'>Scribonii</span> 
     </span>
     <span class='ocr_line' id='line_1_21' title="bbox 205 1770 1746 1856; baseline 0.002 -21"><span class='ocrx_word' id='word_1_154' title='bbox 205 1773 451 1836; x_wconf 90' lang='lat' dir='ltr'>tribuno</span> <span class='ocrx_word' id='word_1_155' title='bbox 484 1771 672 1856; x_wconf 87' lang='lat' dir='ltr'>plebis</span> <span class='ocrx_word' id='word_1_156' title='bbox 709 1771 783 1835; x_wconf 92' lang='lat' dir='ltr'>de</span> <span class='ocrx_word' id='word_1_157' title='bbox 818 1770 1177 1837; x_wconf 79' lang='lat' dir='ltr'>redimendis</span> <span class='ocrx_word' id='word_1_158' title='bbox 1212 1772 1463 1856; x_wconf 84' lang='lat' dir='ltr'>captivis</span> <span class='ocrx_word' id='word_1_159' title='bbox 1494 1773 1746 1838; x_wconf 81' lang='lat' dir='ltr'>relatum</span> 
     </span>
     <span class='ocr_line' id='line_1_22' title="bbox 206 1851 1745 1929; baseline 0.001 -13"><span class='ocrx_word' id='word_1_160' title='bbox 206 1853 319 1916; x_wconf 85' lang='lat' dir='ltr'>effe</span> <span class='ocrx_word' id='word_1_161' title='bbox 338 1901 358 1929; x_wconf 89' lang='lat'>,</span> <span class='ocrx_word' id='word_1_162' title='bbox 383 1873 493 1916; x_wconf 89' lang='lat' dir='ltr'>nec</span> <span class='ocrx_word' id='word_1_163' title='bbox 520 1852 797 1916; x_wconf 82' lang='lat' dir='ltr'>censuiffe</span> <span class='ocrx_word' id='word_1_164' title='bbox 820 1851 1198 1916; x_wconf 86' lang='lat' dir='ltr'>redimendos</span> <span class='ocrx_word' id='word_1_165' title='bbox 1225 1854 1486 1915; x_wconf 87' lang='lat' dir='ltr'>senatum</span> <span class='ocrx_word' id='word_1_166' title='bbox 1510 1875 1524 1914; x_wconf 74' lang='grc' dir='ltr'><strong>ε</strong></span> <span class='ocrx_word' id='word_1_167' title='bbox 1549 1857 1612 1916; x_wconf 87' lang='lat'>&amp;</span> <span class='ocrx_word' id='word_1_168' title='bbox 1635 1875 1745 1918; x_wconf 90' lang='lat' dir='ltr'>no-</span> 
     </span>
     <span class='ocr_line' id='line_1_23' title="bbox 206 1931 1754 2018; baseline 0.001 -21"><span class='ocrx_word' id='word_1_169' title='bbox 206 1955 318 1998; x_wconf 87' lang='lat' dir='ltr'>vos</span> <span class='ocrx_word' id='word_1_170' title='bbox 348 1933 575 2018; x_wconf 86' lang='lat' dir='ltr'>legatos</span> <span class='ocrx_word' id='word_1_171' title='bbox 614 1953 735 1996; x_wconf 88' lang='lat' dir='ltr'>tres</span> <span class='ocrx_word' id='word_1_172' title='bbox 772 1935 843 1995; x_wconf 85' lang='lat' dir='ltr'>ad</span> <span class='ocrx_word' id='word_1_173' title='bbox 886 1931 1238 1995; x_wconf 84' lang='lat' dir='ltr'>Annibalem</span> <span class='ocrx_word' id='word_1_174' title='bbox 1271 1932 1568 1996; x_wconf 86' lang='lat' dir='ltr'>revertisse</span> <span class='ocrx_word' id='word_1_175' title='bbox 1593 1958 1612 2008; x_wconf 89' lang='lat'>;</span> <span class='ocrx_word' id='word_1_176' title='bbox 1639 1935 1754 1998; x_wconf 79' lang='lat' dir='ltr'>de·</span> 
     </span>
     <span class='ocr_line' id='line_1_24' title="bbox 202 2010 1749 2096; baseline 0.001 -19"><span class='ocrx_word' id='word_1_177' title='bbox 202 2034 337 2077; x_wconf 90' lang='lat' dir='ltr'>cem</span> <span class='ocrx_word' id='word_1_178' title='bbox 374 2034 604 2088; x_wconf 67' lang='lat' dir='ltr'>veteres</span> <span class='ocrx_word' id='word_1_179' title='bbox 643 2010 1003 2089; x_wconf 74' lang='lat' dir='ltr'>remansisse,</span> <span class='ocrx_word' id='word_1_180' title='bbox 1032 2012 1203 2096; x_wconf 72' lang='lat' dir='ltr'>qubd</span> <span class='ocrx_word' id='word_1_181' title='bbox 1242 2033 1346 2095; x_wconf 89' lang='lat' dir='ltr'>per</span> <span class='ocrx_word' id='word_1_182' title='bbox 1387 2015 1619 2076; x_wconf 85' lang='lat' dir='ltr'>causam</span> <span class='ocrx_word' id='word_1_183' title='bbox 1658 2037 1749 2079; x_wconf 90' lang='lat' dir='ltr'>re-</span> 
     </span>
    </p>
   </div>
   <div class='ocr_carea' id='block_1_6' title="bbox 204 2092 1750 2187">
    <p class='ocr_par' dir='ltr' id='par_1_6' title="bbox 204 2092 1750 2187">
     <span class='ocr_line' id='line_1_25' title="bbox 204 2092 1750 2187; baseline 0.001 -28"><span class='ocrx_word' id='word_1_184' title='bbox 204 2095 605 2187; x_wconf 76' lang='lat' dir='ltr'>cognoscendi</span> <span class='ocrx_word' id='word_1_185' title='bbox 627 2095 867 2156; x_wconf 85' lang='lat' dir='ltr'>nomina</span> <span class='ocrx_word' id='word_1_186' title='bbox 890 2095 1267 2187; x_wconf 76' lang='lat' dir='ltr'>captivorum</span> <span class='ocrx_word' id='word_1_187' title='bbox 1291 2092 1364 2155; x_wconf 87' lang='lat' dir='ltr'>ad</span> <span class='ocrx_word' id='word_1_188' title='bbox 1393 2093 1750 2160; x_wconf 86' lang='lat' dir='ltr'>Annibalem</span> 
     </span>
    </p>
   </div>
   <div class='ocr_carea' id='block_1_7' title="bbox 170 2173 1744 2258">
    <p class='ocr_par' dir='ltr' id='par_1_7' title="bbox 170 2173 1744 2258">
     <span class='ocr_line' id='line_1_26' title="bbox 170 2173 1744 2258; baseline 0.002 -20"><span class='ocrx_word' id='word_1_189' title='bbox 170 2197 283 2258; x_wconf 31' lang='lat' dir='ltr'>‘ex</span> <span class='ocrx_word' id='word_1_190' title='bbox 328 2176 539 2242; x_wconf 81' lang='lat' dir='ltr'>itinere</span> <span class='ocrx_word' id='word_1_191' title='bbox 582 2196 644 2237; x_wconf 89' lang='lat' dir='ltr'>re</span> <span class='ocrx_word' id='word_1_192' title='bbox 689 2175 813 2238; x_wconf 80' lang='lat' dir='ltr'>ressi</span> <span class='ocrx_word' id='word_1_193' title='bbox 859 2174 1147 2258; x_wconf 71' lang='lat' dir='ltr'>religione</span> <span class='ocrx_word' id='word_1_194' title='bbox 1187 2175 1303 2237; x_wconf 88' lang='lat' dir='ltr'>sese</span> <span class='ocrx_word' id='word_1_195' title='bbox 1353 2173 1744 2242; x_wconf 81' lang='lat' dir='ltr'>exsolvissent.</span> 
     </span>
    </p>
   </div>
   <div class='ocr_carea' id='block_1_8' title="bbox 202 2255 1871 3140">
    <p class='ocr_par' dir='ltr' id='par_1_8' title="bbox 202 2255 1871 3140">
     <span class='ocr_line' id='line_1_27' title="bbox 207 2255 1871 2339; baseline 0.002 -20"><span class='ocrx_word' id='word_1_196' title='bbox 207 2256 285 2319; x_wconf 90' lang='lat' dir='ltr'>de</span> <span class='ocrx_word' id='word_1_197' title='bbox 329 2257 400 2319; x_wconf 87' lang='lat' dir='ltr'>iis</span> <span class='ocrx_word' id='word_1_198' title='bbox 441 2256 631 2320; x_wconf 89' lang='lat' dir='ltr'>deden</span> <span class='ocrx_word' id='word_1_199' title='bbox 676 2256 725 2317; x_wconf 86' lang='lat' dir='ltr'>is</span> <span class='ocrx_word' id='word_1_200' title='bbox 770 2255 979 2339; x_wconf 65' lang='lat' dir='ltr'>magnii</span> <span class='ocrx_word' id='word_1_201' title='bbox 1022 2255 1407 2337; x_wconf 77' lang='lat' dir='ltr'>contentione</span> <span class='ocrx_word' id='word_1_202' title='bbox 1454 2255 1650 2319; x_wconf 66' lang='lat' dir='ltr'>astum</span> <span class='ocrx_word' id='word_1_203' title='bbox 1685 2259 1750 2324; x_wconf 83' lang='lat' dir='ltr'>in</span> <span class='ocrx_word' id='word_1_204' title='bbox 1851 2271 1871 2294; x_wconf 68' lang='lat'>⁸</span> 
     </span>
     <span class='ocr_line' id='line_1_28' title="bbox 206 2335 1750 2420; baseline 0.001 -20"><span class='ocrx_word' id='word_1_205' title='bbox 206 2339 411 2401; x_wconf 88' lang='lat' dir='ltr'>senatu</span> <span class='ocrx_word' id='word_1_206' title='bbox 448 2335 561 2400; x_wconf 81' lang='lat' dir='ltr'>effe</span> <span class='ocrx_word' id='word_1_207' title='bbox 604 2358 619 2400; x_wconf 71' lang='grc' dir='ltr'><strong>ε</strong></span> <span class='ocrx_word' id='word_1_208' title='bbox 671 2335 978 2420; x_wconf 66' lang='grc' dir='ltr'>νὶἃοΐςυε</span> <span class='ocrx_word' id='word_1_209' title='bbox 1008 2336 1212 2420; x_wconf 81' lang='lat' dir='ltr'>paucis</span> <span class='ocrx_word' id='word_1_210' title='bbox 1248 2336 1591 2420; x_wconf 74' lang='lat' dir='ltr'>sententiis,</span> <span class='ocrx_word' id='word_1_211' title='bbox 1681 2339 1750 2404; x_wconf 86' lang='lat' dir='ltr'>ui</span> 
     </span>
     <span class='ocr_line' id='line_1_29' title="bbox 205 2415 1752 2499; baseline 0.001 -18"><span class='ocrx_word' id='word_1_212' title='bbox 205 2416 515 2482; x_wconf 88' lang='lat' dir='ltr'>dedendos</span> <span class='ocrx_word' id='word_1_213' title='bbox 547 2417 899 2480; x_wconf 88' lang='lat' dir='ltr'>censuerint.</span> <span class='ocrx_word' id='word_1_214' title='bbox 933 2415 1198 2479; x_wconf 70' lang='lat' dir='ltr'>ceterum</span> <span class='ocrx_word' id='word_1_215' title='bbox 1231 2416 1513 2499; x_wconf 85' lang='lat' dir='ltr'>proximis</span> <span class='ocrx_word' id='word_1_216' title='bbox 1545 2437 1656 2479; x_wconf 89' lang='lat' dir='ltr'>cen</span> <span class='ocrx_word' id='word_1_217' title='bbox 1681 2441 1752 2482; x_wconf 90' lang='lat' dir='ltr'>o-</span> 
     </span>
     <span class='ocr_line' id='line_1_30' title="bbox 202 2497 1752 2582; baseline 0.001 -21"><span class='ocrx_word' id='word_1_218' title='bbox 202 2499 375 2562; x_wconf 85' lang='lat' dir='ltr'>ribus</span> <span class='ocrx_word' id='word_1_219' title='bbox 412 2499 559 2562; x_wconf 88' lang='lat' dir='ltr'>adeo</span> <span class='ocrx_word' id='word_1_220' title='bbox 599 2497 875 2562; x_wconf 87' lang='lat' dir='ltr'>omnibus</span> <span class='ocrx_word' id='word_1_221' title='bbox 910 2498 1068 2560; x_wconf 89' lang='lat' dir='ltr'>notis</span> <span class='ocrx_word' id='word_1_222' title='bbox 1107 2497 1566 2582; x_wconf 88' lang='lat' dir='ltr'>ignominiisque</span> <span class='ocrx_word' id='word_1_223' title='bbox 1600 2519 1752 2563; x_wconf 88' lang='lat' dir='ltr'>con-</span> 
     </span>
     <span class='ocr_line' id='line_1_31' title="bbox 202 2577 1749 2664; baseline 0.001 -23"><span class='ocrx_word' id='word_1_224' title='bbox 202 2577 397 2641; x_wconf 69' lang='lat' dir='ltr'>festos</span> <span class='ocrx_word' id='word_1_225' title='bbox 435 2578 546 2642; x_wconf 83' lang='lat' dir='ltr'>effe</span> <span class='ocrx_word' id='word_1_226' title='bbox 568 2625 589 2652; x_wconf 89' lang='lat'>‚</span> <span class='ocrx_word' id='word_1_227' title='bbox 626 2595 693 2642; x_wconf 84' lang='lat' dir='ltr'>ut</span> <span class='ocrx_word' id='word_1_228' title='bbox 710 2578 961 2662; x_wconf 70' lang='lat' dir='ltr'>‚quidam</span> <span class='ocrx_word' id='word_1_229' title='bbox 990 2599 1200 2641; x_wconf 89' lang='lat' dir='ltr'>eorum</span> <span class='ocrx_word' id='word_1_230' title='bbox 1225 2596 1480 2642; x_wconf 86' lang='lat' dir='ltr'>mortem</span> <span class='ocrx_word' id='word_1_231' title='bbox 1509 2577 1612 2640; x_wconf 89' lang='lat' dir='ltr'>fibi</span> <span class='ocrx_word' id='word_1_232' title='bbox 1646 2579 1749 2664; x_wconf 75' lang='lat' dir='ltr'>ipsi</span> 
     </span>
     <span class='ocr_line' id='line_1_32' title="bbox 203 2658 1750 2744; baseline 0 -22"><span class='ocrx_word' id='word_1_233' title='bbox 203 2659 509 2744; x_wconf 89' lang='lat' dir='ltr'>extemplo</span> <span class='ocrx_word' id='word_1_234' title='bbox 535 2659 968 2734; x_wconf 79' lang='lat' dir='ltr'>consciverint3</span> <span class='ocrx_word' id='word_1_235' title='bbox 996 2658 1182 2722; x_wconf 89' lang='lat' dir='ltr'>ceteri</span> <span class='ocrx_word' id='word_1_236' title='bbox 1205 2679 1326 2721; x_wconf 91' lang='lat' dir='ltr'>non</span> <span class='ocrx_word' id='word_1_237' title='bbox 1353 2658 1490 2722; x_wconf 91' lang='lat' dir='ltr'>foro</span> <span class='ocrx_word' id='word_1_238' title='bbox 1518 2659 1703 2723; x_wconf 69' lang='lat' dir='ltr'>solum</span> <span class='ocrx_word' id='word_1_239' title='bbox 1726 2709 1750 2737; x_wconf 87' lang='lat'><strong>,</strong></span> 
     </span>
     <span class='ocr_line' id='line_1_33' title="bbox 204 2737 1750 2826; baseline 0 -22"><span class='ocrx_word' id='word_1_240' title='bbox 204 2741 373 2804; x_wconf 88' lang='lat' dir='ltr'>omni</span> <span class='ocrx_word' id='word_1_241' title='bbox 418 2739 633 2804; x_wconf 88' lang='lat' dir='ltr'>deinde</span> <span class='ocrx_word' id='word_1_242' title='bbox 676 2740 837 2815; x_wconf 65' lang='lat' dir='ltr'>vitai,</span> <span class='ocrx_word' id='word_1_243' title='bbox 864 2739 960 2803; x_wconf 90' lang='lat' dir='ltr'>sed</span> <span class='ocrx_word' id='word_1_244' title='bbox 998 2759 1185 2826; x_wconf 87' lang='lat' dir='ltr'>prope</span> <span class='ocrx_word' id='word_1_245' title='bbox 1223 2737 1358 2803; x_wconf 89' lang='lat' dir='ltr'>luce</span> <span class='ocrx_word' id='word_1_246' title='bbox 1400 2761 1467 2802; x_wconf 90' lang='lat' dir='ltr'>ac</span> <span class='ocrx_word' id='word_1_247' title='bbox 1501 2741 1750 2824; x_wconf 86' lang='lat' dir='ltr'>publico</span> 
     </span>
     <span class='ocr_line' id='line_1_34' title="bbox 203 2819 1750 2904; baseline 0.001 -20"><span class='ocrx_word' id='word_1_248' title='bbox 203 2823 527 2885; x_wconf 85' lang='lat' dir='ltr'>caruerint.</span> <span class='ocrx_word' id='word_1_249' title='bbox 566 2820 766 2884; x_wconf 89' lang='lat' dir='ltr'>Mirari</span> <span class='ocrx_word' id='word_1_250' title='bbox 812 2820 997 2904; x_wconf 87' lang='lat' dir='ltr'>magis</span> <span class='ocrx_word' id='word_1_251' title='bbox 1032 2869 1049 2894; x_wconf 88' lang='lat'>‚</span> <span class='ocrx_word' id='word_1_252' title='bbox 1095 2819 1248 2883; x_wconf 86' lang='lat' dir='ltr'>adeo</span> <span class='ocrx_word' id='word_1_253' title='bbox 1286 2819 1614 2900; x_wconf 88' lang='lat' dir='ltr'>discrepare</span> <span class='ocrx_word' id='word_1_254' title='bbox 1659 2823 1750 2885; x_wconf 85' lang='lat' dir='ltr'>in-</span> 
     </span>
     <span class='ocr_line' id='line_1_35' title="bbox 205 2899 1754 2987; baseline 0.001 -23"><span class='ocrx_word' id='word_1_255' title='bbox 205 2918 301 2964; x_wconf 92' lang='lat' dir='ltr'>ter</span> <span class='ocrx_word' id='word_1_256' title='bbox 336 2902 609 2966; x_wconf 68' lang='lat' dir='ltr'>austeres</span> <span class='ocrx_word' id='word_1_257' title='bbox 634 2949 650 2976; x_wconf 90' lang='lat'>,</span> <span class='ocrx_word' id='word_1_258' title='bbox 692 2901 876 2985; x_wconf 66' lang='lat' dir='ltr'>qudm</span> <span class='ocrx_word' id='word_1_259' title='bbox 896 2949 913 2977; x_wconf 88' lang='lat'>‚</span> <span class='ocrx_word' id='word_1_260' title='bbox 939 2899 1089 2987; x_wconf 85' lang='lat' dir='ltr'>quid</span> <span class='ocrx_word' id='word_1_261' title='bbox 1120 2899 1248 2965; x_wconf 88' lang='lat' dir='ltr'>veri</span> <span class='ocrx_word' id='word_1_262' title='bbox 1286 2899 1353 2962; x_wconf 86' lang='lat' dir='ltr'>fit</span> <span class='ocrx_word' id='word_1_263' title='bbox 1373 2945 1394 2974; x_wconf 88' lang='lat'>‚</span> <span class='ocrx_word' id='word_1_264' title='bbox 1419 2899 1754 2966; x_wconf 86' lang='lat' dir='ltr'>discernere</span> 
     </span>
     <span class='ocr_line' id='line_1_36' title="bbox 204 2979 1754 3075; baseline 0.001 -31"><span class='ocrx_word' id='word_1_265' title='bbox 204 3003 411 3075; x_wconf 77' lang='lat' dir='ltr'>queas,</span> <span class='ocrx_word' id='word_1_266' title='bbox 460 2987 715 3061; x_wconf 90' lang='lat' dir='ltr'>Quanto</span> <span class='ocrx_word' id='word_1_267' title='bbox 742 3000 943 3046; x_wconf 83' lang='lat' dir='ltr'>autem</span> <span class='ocrx_word' id='word_1_268' title='bbox 970 2981 1155 3063; x_wconf 87' lang='lat' dir='ltr'>major</span> <span class='ocrx_word' id='word_1_269' title='bbox 1184 2981 1310 3044; x_wconf 82' lang='lat' dir='ltr'>haec</span> <span class='ocrx_word' id='word_1_270' title='bbox 1346 2979 1545 3044; x_wconf 88' lang='lat' dir='ltr'>clades</span> <span class='ocrx_word' id='word_1_271' title='bbox 1584 2983 1754 3067; x_wconf 85' lang='lat' dir='ltr'>supe-</span> 
     </span>
     <span class='ocr_line' id='line_1_37' title="bbox 202 3062 1750 3140; baseline -0.001 -12"><span class='ocrx_word' id='word_1_272' title='bbox 202 3062 464 3128; x_wconf 79' lang='lat' dir='ltr'>rioribus</span> <span class='ocrx_word' id='word_1_273' title='bbox 490 3062 760 3132; x_wconf 82' lang='lat' dir='ltr'>cladibus</span> <span class='ocrx_word' id='word_1_274' title='bbox 784 3062 968 3126; x_wconf 88' lang='lat' dir='ltr'>fuerit</span> <span class='ocrx_word' id='word_1_275' title='bbox 992 3109 1014 3140; x_wconf 87' lang='lat'><strong>,</strong></span> <span class='ocrx_word' id='word_1_276' title='bbox 1038 3063 1137 3127; x_wconf 89' lang='lat' dir='ltr'>vel</span> <span class='ocrx_word' id='word_1_277' title='bbox 1162 3084 1231 3127; x_wconf 83' lang='lat' dir='ltr'>ea</span> <span class='ocrx_word' id='word_1_278' title='bbox 1253 3082 1347 3126; x_wconf 86' lang='lat' dir='ltr'>res</span> <span class='ocrx_word' id='word_1_279' title='bbox 1373 3062 1598 3125; x_wconf 89' lang='lat' dir='ltr'>indicio</span> <span class='ocrx_word' id='word_1_280' title='bbox 1625 3063 1708 3126; x_wconf 86' lang='lat' dir='ltr'>est</span> <span class='ocrx_word' id='word_1_281' title='bbox 1726 3111 1750 3139; x_wconf 87' lang='lat'><strong>,</strong></span> 
     </span>
    </p>
   </div>
   <div class='ocr_carea' id='block_1_9' title="bbox 190 3167 1752 3308">
    <p class='ocr_par' dir='ltr' id='par_1_9' title="bbox 190 3167 1752 3308">
     <span class='ocr_line' id='line_1_38' title="bbox 277 3167 1752 3240; baseline 0 -18"><span class='ocrx_word' id='word_1_282' title='bbox 277 3187 299 3222; x_wconf 88' lang='lat'>1</span> <span class='ocrx_word' id='word_1_283' title='bbox 342 3175 418 3240; x_wconf 72' lang='lat' dir='ltr'>Est</span> <span class='ocrx_word' id='word_1_284' title='bbox 446 3171 511 3231; x_wconf 69' lang='grc' dir='ltr'>(ῥ’</span> <span class='ocrx_word' id='word_1_285' title='bbox 534 3173 634 3224; x_wconf 72' lang='lat' dir='ltr'>‘alia</span> <span class='ocrx_word' id='word_1_286' title='bbox 658 3173 718 3222; x_wconf 82' lang='lat' dir='ltr'>de</span> <span class='ocrx_word' id='word_1_287' title='bbox 743 3173 949 3240; x_wconf 71' lang='lat' dir='ltr'>captivit</span> <span class='ocrx_word' id='word_1_288' title='bbox 1010 3171 1158 3222; x_wconf 86' lang='lat' dir='ltr'>habet</span> <span class='ocrx_word' id='word_1_289' title='bbox 1200 3175 1300 3224; x_wconf 84' lang='lat' dir='ltr'>Cic.</span> <span class='ocrx_word' id='word_1_290' title='bbox 1341 3174 1378 3224; x_wconf 85' lang='lat' dir='ltr'>l.</span> <span class='ocrx_word' id='word_1_291' title='bbox 1417 3176 1506 3224; x_wconf 89' lang='lat'>111.</span> <span class='ocrx_word' id='word_1_292' title='bbox 1549 3171 1606 3222; x_wconf 81' lang='lat' dir='ltr'>de</span> <span class='ocrx_word' id='word_1_293' title='bbox 1646 3167 1752 3222; x_wconf 77' lang='lat' dir='ltr'>Off.</span> 
     </span>
     <span class='ocr_line' id='line_1_39' title="bbox 190 3236 1216 3308; baseline -0.005 -19"><span class='ocrx_word' id='word_1_294' title='bbox 190 3238 378 3308; x_wconf 72' lang='lat' dir='ltr'>fama]</span> <span class='ocrx_word' id='word_1_295' title='bbox 414 3239 526 3293; x_wconf 85' lang='lat' dir='ltr'>Vid.</span> <span class='ocrx_word' id='word_1_296' title='bbox 558 3253 663 3307; x_wconf 86' lang='lat' dir='ltr'>quae</span> <span class='ocrx_word' id='word_1_297' title='bbox 694 3236 751 3287; x_wconf 86' lang='lat' dir='ltr'>de</span> <span class='ocrx_word' id='word_1_298' title='bbox 778 3237 870 3286; x_wconf 79' lang='lat' dir='ltr'>hac</span> <span class='ocrx_word' id='word_1_299' title='bbox 898 3251 949 3286; x_wconf 81' lang='lat' dir='ltr'>re</span> <span class='ocrx_word' id='word_1_300' title='bbox 1008 3250 1061 3285; x_wconf 83' lang='lat' dir='ltr'>n.</span> <span class='ocrx_word' id='word_1_301' title='bbox 1088 3247 1216 3297; x_wconf 79' lang='lat'><em>113.-</em></span> 
     </span>
    </p>
   </div>
   <div class='ocr_carea' id='block_1_10' title="bbox 2225 0 2253 425">
    <p class='ocr_par' dir='ltr' id='par_1_10' title="bbox 2225 0 2253 425">
     <span class='ocr_line' id='line_1_40' title="bbox 2225 0 2253 425; textangle 90"><span class='ocrx_word' id='word_1_302' title='bbox 2250 415 2253 425; x_wconf 90' lang='lat'><em>-</em></span> <span class='ocrx_word' id='word_1_303' title='bbox 2248 333 2253 374; x_wconf 72' lang='lat'>--„</span> <span class='ocrx_word' id='word_1_304' title='bbox 2242 104 2251 316; x_wconf 38' lang='grc' dir='ltr'>..ψ-,μ</span> <span class='ocrx_word' id='word_1_305' title='bbox 2225 0 2249 89; x_wconf 52' lang='grc' dir='ltr'>...Δ</span> 
     </span>
    </p>
   </div>
  </div>
 </body>
</html>
