2275 3842
440 187 601 270 '224
888 229 893 236 .
930 172 1032 247 T.
1145 172 1211 248 L
1269 199 1298 248 1
1353 197 1406 250 v
1467 201 1496 249 1
1551 197 1583 249 ι

182 278 416 329 v.t·‹z⁶·
445 289 602 358 quot
657 269 877 334 milites
931 274 997 334 δε
1054 273 1546 358 promptissimum
1605 291 1904 360 quemque
1953 267 1991 338 ἔ

185 335 417 382 ‘⁰³¹⁶‘
444 374 621 419 muro
660 351 1042 434 turribusque
1086 352 1236 416 istos
1275 353 1476 418 amisit.
1520 353 1716 418 Semel
1759 366 1780 399 ⁸
1825 353 1987 418 ultro

448 450 825 516 erumpentes
885 431 1127 575 *tigmine
1197 432 1649 518 elephantorum
1716 432 1986 526 opposito

492 533 635 597 rope
666 511 881 575 intercl
948 532 995 573 lt
1015 558 1033 586 ,
1064 513 1448 598 trepidosque
1474 512 1766 598 compulit
1796 535 1860 576 m
1893 535 1990 576 ur-

444 538 625 658 Eem:
654 593 788 655 satis
836 591 1039 654 multis
1063 638 1083 669 ,
1108 610 1178 656 ut
1217 614 1292 656 ex
1330 612 1491 657 tanta
1535 594 1834 680 paucitate
1857 639 1879 670 ,
1903 593 1990 656 in-

450 672 739 740 terfeffis.
779 675 979 754 plures
1014 672 1391 750 cecidissent,
1413 675 1472 737 ni
1510 695 1630 738 nox
1663 673 1862 758 praelio
1897 672 1987 735 in·

454 751 810 818 tervenisset.
848 752 1093 817 Postero
1124 753 1222 818 die
1257 755 1526 819 omnium
1559 753 1739 819 animi
1775 751 1848 816 ad
1881 775 1990 838 op·-

450 832 839 920 pugnandum
872 833 1278 898 accenduntur
1307 863 1328 912 3
1366 836 1577 919 utique
1615 832 1994 920 posteaquam

455 934 681 978 corona
718 933 893 976 aurea
932 915 1172 978 muralis
1204 914 1497 999 proposita
1525 914 1642 990 est,
1669 931 1849 998 atque
1874 914 1998 996 ipse

457 994 583 1059 dux
617 1040 638 1070 ,
678 992 897 1056 castelli
934 993 1111 1078 plano
1147 994 1286 1058 loco
1328 994 1497 1078 pofiti
1535 997 1767 1078 segnem
1807 1014 2000 1076 oppu-

501 1074 801 1137 nationem
847 1075 1092 1158 Sagunti
1134 1075 1638 1170 expugnatoribus
1678 1073 2000 1159 exprobra-

453 1093 601 1219 ξεττ
627 1158 968 1220 Cannarum
997 1155 1434 1239 Trafimenlque
1458 1159 1520 1219 &
1543 1155 1768 1217 Trebiae
1802 1152 2002 1236 fingu-

457 1235 555 1298 los
592 1234 913 1309 admonens
956 1236 1272 1301 universos
1303 1243 1397 1299 ue.
1445 1234 1592 1299 Inde
1628 1236 1813 1298 vineat
1844 1255 2005 1318 quo-

465 1335 587 1398 que
633 1334 737 1377 coe
780 1333 848 1378 tae
892 1316 1027 1398 agi,
1068 1316 1333 1380 cunicui
1381 1336 1456 1379 ue
1496 1338 1512 1379 ε
1551 1336 1664 1378 nec
1700 1315 1774 1378 ad
1809 1314 2014 1378 varios

466 1413 716 1457 conatus
795 1393 1007 1458 ostium
1033 1407 1061 1438 ²
1086 1414 1191 1460 aut
1215 1397 1307 1460 vis
1331 1418 1370 1458 u
1396 1394 1449 1457 la
1476 1441 1496 1471 ,
1537 1413 1639 1459 aut
1663 1415 1754 1458 ars
1786 1393 2010 1459 deerat.

468 1475 632 1539 socii
678 1479 1078 1538 Romanorum
1116 1497 1224 1559 pro
1269 1473 1560 1558 ugnacula
1596 1473 1875 1538 adversus
1915 1475 2012 1539 vi·-

472 1575 611 1620 neas
634 1553 884 1617 statuere
904 1601 923 1628 ,
949 1557 1208 1620 transver
1229 1577 1278 1617 ts
1305 1553 1599 1619 cuniculis
1623 1554 1882 1618 hostium
1903 1575 2010 1617 cu·-

476 1632 711 1699 niculos
737 1635 870 1697 exci
912 1654 1013 1696 ere
1032 1682 1053 1710 ,
1078 1639 1139 1698 δι
1165 1634 1351 1719 palam
1380 1635 1625 1697 &clam
1651 1635 1876 1720 coeptis
1899 1634 2020 1698 ob·

259 1725 455 1776 Annibal
480 1713 640 1778 viam
678 1715 764 1776 ire
804 1742 823 1792 ;
910 1735 1060 1777 onec
1094 1715 1292 1798 pudor
1325 1713 1504 1778 etiam
1542 1715 1898 1778 Annibalem
1939 1715 2018 1777 ab

217 1789 449 1888 {252}ssss
482 1797 725 1878 incepto
756 1795 1007 1859 avertit:
1034 1795 1347 1879 castrisque
1371 1796 1752 1859 communitis
1778 1817 1847 1860 ac
1872 1815 2018 1879 prae-

216 1915 295 1953 u.
480 1875 624 1940 sidio
659 1874 901 1938 modico
932 1875 1203 1961 imposito
1238 1923 1260 1955 ,
1298 1897 1371 1940 ne
1408 1875 1606 1940 omissa
1645 1896 1736 1938 res
1773 1875 2016 1940 videre-

405 2010 415 2014 -
480 1975 619 2033 tur,
644 1953 703 2018 in
738 1955 987 2019 hiberna
1025 1960 1296 2044 Capuam
1331 1955 1629 2021 conceffit.
1671 1955 1763 2018 lbi
1790 1972 2018 2041 partem

475 2039 763 2117 majorem
806 2034 1017 2101 hiemis
1061 2038 1392 2101 exercitum
1435 2036 1498 2099 in
1541 2035 1712 2098 tectis
1759 2035 2014 2112 habuit,

478 2118 761 2184 adversus
798 2119 993 2180 omnia
1028 2117 1281 2184 humana
1321 2115 1469 2180 mala
1506 2120 1647 2209 saepe
1682 2136 1749 2178 ac
1779 2115 1882 2179 diu
1908 2113 2022 2178 du-

481 2217 713 2264 rantem
734 2243 755 2273 ,
780 2195 957 2259 bonis
976 2198 1346 2282 inexpertum
1368 2215 1547 2280 atque
1573 2197 1882 2259 insuetum.
1912 2195 2021 2258 ita·

484 2300 608 2363 que
637 2324 658 2355 ‚
695 2298 850 2362 quos
884 2275 1043 2340 nulla
1078 2276 1215 2339 mali
1259 2277 1483 2341 vicerat
1523 2276 1616 2339 vis
1651 2322 1672 2351 ,
1709 2275 2021 2361 perdidere

485 2358 670 2424 nimia
703 2359 859 2422 bona
892 2377 960 2420 ac
994 2355 1133 2421 volu
1181 2374 1331 2419 tates
1367 2355 1698 2420 immodicae
1721 2380 1744 2428 ς
1771 2368 1794 2411 ³
1843 2359 1907 2419 δε
1943 2376 2020 2419 eo

482 2435 800 2522 impensius
822 2484 842 2512 ‚
874 2459 1001 2521 quo
1034 2438 1127 2502 avi
1174 2435 1266 2499 ius
1295 2457 1370 2498 ex
1409 2434 1714 2500 insolentia
1747 2435 1808 2498 in
1833 2456 1934 2500 eas
1961 2437 2024 2502 se

480 2521 825 2588 merserant.
854 2523 1107 2582 Somnus
1130 2516 1290 2582 enirn
1305 2561 1330 2593 ,
1363 2521 1424 2580 &
1446 2517 1690 2593 vinum,
1717 2520 1780 2582 δι
1801 2515 1986 2601 epulae
2001 2561 2026 2593 ,

527 2675 551 2709 ε
570 2661 708 2711 Ultro
734 2670 1038 2730 erumpentes]
1058 2669 1223 2722 Quum
1288 2660 1407 2713 cusa.
1429 2698 1444 2714 .
1460 2699 1473 2712 .

489 2728 635 2777 etiam
654 2741 753 2775 non
774 2726 961 2775 laceffiti
982 2743 1226 2795 erumpere
1359 2743 1378 2786 3
1403 2731 1465 2776 Et
1481 2741 1528 2774 eo
1549 2724 1823 2791 impenfiks]
1843 2730 1898 2775 Et
1915 2727 2023 2792 qui-

488 2789 587 2840 aufi
608 2788 765 2840 effent.
802 2791 914 2842 Vid.
945 2807 1048 2842 not.
1086 2807 1131 2852 5.
1165 2792 1228 2842 ad
1291 2791 1399 2840 dem
1450 2790 1628 2840 deliciae
1672 2807 1730 2838 eo
1780 2788 2028 2856 impensius

490 2859 534 2904 1.
548 2870 599 2915 4.
1291 2856 1533 2921 perdidere
1542 2860 1795 2914 Poenos,eo
1808 2859 2036 2920 graviore

556 2933 584 2964 2
615 2920 731 2968 Aut
762 2919 842 2966 vis
871 2918 967 2966 ulla
990 2955 1005 2980 ,
1041 2932 1124 2968 aut
1151 2938 1232 2970 ars
1291 2923 1437 2968 exitio
1457 2918 1662 2968 evertere
1679 2924 1938 2967 Poenorum
1951 2923 2032 2966 vi·

495 2981 667 3031 deerat.
718 2983 837 3030 Socii
884 2985 1182 3032 Rornanorum
1207 2991 1230 3046 ]
1294 3000 1365 3032 res
1383 3017 1402 3042 ,
1445 2999 1543 3048 quo
1579 2983 1762 3033 avidius
1792 2985 1846 3030 in
1873 2997 1950 3030 eas
1981 2983 2033 3031 se

497 3045 704 3096 Placeret
734 3045 886 3109 magis
918 3045 1072 3110 legere
1104 3066 1116 3095 ε
1148 3059 1234 3096 tue
1294 3048 1551 3097 merserant
1575 3082 1593 3107 ,
1623 3061 1868 3112 propterea
1899 3043 2033 3112 quod

497 3111 578 3158 vis
608 3107 703 3157 ulla
728 3144 743 3166 ‚
768 3120 848 3156 aut
872 3125 950 3158 ars
978 3111 1134 3160 deerat
1152 3113 1229 3172 [ὀ-
1294 3113 1516 3162 haetenus
1550 3125 1684 3164 etant
1718 3109 1916 3164 matum
1956 3113 2038 3161 in·

492 3175 582 3228 ciis
615 3177 932 3230 Romanorum.
974 3179 1230 3246 Fropugna·
1295 3177 1428 3228 sueti.

1967 3239 2003 3246 »-
