2275 3842
952 0 1031 9 -u—

435 237 597 320 234
933 213 1038 294 T.
1132 211 1195 291 L
1254 239 1284 292 1
1337 240 1392 300 v
1445 223 1476 292 i
1535 227 1575 292 r

189 339 419 394 ihesu.
437 335 613 401 agros
650 313 907 378 hostium
942 314 1260 380 induxerit.
1303 314 1462 378 Galli
1503 332 1670 378 oram
1699 325 1978 380 extrem

187 399 609 481 *Cam-sylvae
687 417 833 460 uum
870 391 1370 458 circumsediffent
1392 440 1412 472 ,
1453 395 1560 460 ubi
1597 393 1840 458 intravit
1867 417 1902 456 a
1946 421 1976 444 -ι

441 497 581 542 men
620 477 675 540 sa
700 495 828 541 tum
852 521 875 550 ,
902 493 1029 540 tum
1072 495 1366 538 extremas
1403 477 1680 538 arborum
1727 475 1886 536 succi
1911 495 1976 538 a·

362 616 371 621 .
442 579 577 624 rum
605 556 949 640 impellunt.
997 577 1127 645 quae
1177 556 1286 618 alia
1331 557 1392 618 in
1438 555 1606 619 aliam
1649 553 1974 619 instabilem

443 659 551 724 per
591 639 646 698 se
682 657 752 700 ac
786 637 937 700 male
975 638 1291 699 han-entem
1329 636 1659 699 incidentes
1686 682 1705 708 ‚
1744 646 1770 678 ²
1814 635 1974 696 anci-

442 719 554 804 piti
589 717 773 800 strage
808 739 963 780 arma
986 765 1002 791 ‚
1038 717 1238 792 viros,
1275 737 1464 801 equos
1503 716 1868 792 obruerunt,
1905 729 1978 778 ut

440 800 548 864 vix
568 797 775 860 decern
797 797 1068 861 homines
1090 795 1437 880 effugerent.
1459 803 1616 860 Nam
1635 815 1826 880 quum
1841 815 1978 859 exa·

442 878 647 943 nimati
686 876 957 962 plerique
1000 876 1184 941 effent
1227 878 1503 941 arborum
1543 876 1770 940 truncis
1807 874 1978 958 frag-

444 958 780 1040 mentisque
815 979 1113 1021 ramorum
1146 1005 1168 1032 ,
1207 976 1463 1021 ceteram
1495 977 1741 1041 quoque
1779 956 1981 1019 multi-

326 1048 337 1054 “
431 1037 717 1123 ‘tudinem
750 1039 1055 1122 inopinato
1092 1036 1248 1100 malo
1283 1038 1570 1122 trepidam
1595 1083 1614 1113 ,
1638 1035 1836 1107 Galli,
1870 1035 1981 1098 sal-

445 1134 581 1182 tum
608 1137 845 1180 omnem
876 1118 1077 1180 armati
1108 1119 1588 1182 circumsidentes
1607 1164 1630 1193 ,
1662 1113 1980 1180 interfece-

449 1217 591 1262 runt
614 1227 633 1274 3
658 1199 861 1282 paucis
884 1199 917 1262 ὲ
948 1217 1115 1261 tanto
1140 1220 1391 1262 numero
1421 1198 1610 1282 captis
1629 1244 1652 1272 ‚
1681 1208 1705 1250 ³
1735 1197 1839 1280 qui
1867 1196 1984 1260 flu-

449 1278 627 1342 minis
663 1280 905 1362 pon'tem
934 1298 1207 1364 petentes
1228 1329 1246 1355 ‚
1272 1279 1497 1343 obsesso
1527 1277 1659 1340 ante
1694 1276 1766 1339 ab
1799 1277 1986 1340 hosti-³

442 1358 561 1422 bus
586 1376 801 1452 ponte,
828 1359 1124 1422 interclufi
1155 1362 1306 1422 sunt.
1333 1359 1429 1422 Ibi
1456 1357 1789 1421 Postumius
1804 1405 1825 1434 ‚
1854 1379 1986 1420 om·

446 1439 510 1501 ni
540 1461 603 1502 vi
626 1484 649 1513 ‚
679 1460 753 1502 ne
790 1458 1103 1524 caperetur
1124 1487 1146 1516 ‚
1181 1439 1468 1503 dimicans
1501 1437 1812 1502 occubuit.
1851 1440 1988 1524 spo-

444 1518 525 1581 lia
573 1521 842 1603 corporis
894 1537 1199 1606 caputque
1258 1519 1429 1582 ducis
1487 1519 1788 1602 precisum
1849 1517 1985 1582 Boii

444 1617 699 1663 ovantes
733 1599 957 1681 templo
987 1645 1009 1675 ‚
1056 1598 1223 1682 quod
1261 1598 1663 1662 sanstiffimum
1701 1598 1786 1660 est
1827 1597 1987 1682 apud

442 1697 551 1742 eos
575 1725 594 1753 ,
639 1679 894 1742 intulere
928 1701 945 1742 ι
998 1695 1252 1764 purgato
1289 1678 1424 1742 inde
1463 1677 1656 1760 capite
1679 1723 1699 1754 ,
1741 1694 1812 1741 ut
1851 1697 1986 1742 mos

440 1757 517 1820 iis
539 1757 621 1820 est
638 1805 661 1834 ‚
686 1758 910 1822 calvam
936 1779 1080 1821 auro
1104 1757 1400 1822 caelavere.
1422 1758 1606 1843 idque
1632 1760 1860 1821 sacrum
1877 1777 1986 1824 vas

442 1837 519 1900 iis
546 1854 673 1900 erat
691 1885 712 1914 ‚
738 1860 863 1922 quo
890 1839 1236 1902 solennibus
1261 1836 1514 1904 libarent
1535 1859 1549 1901 ε
1571 1837 1984 1924 poculumque

441 1916 605 1981 idem
652 1929 685 1972 4
724 1917 1010 1982 sacerdoti
1055 1917 1210 1996 effe,
1253 1940 1324 1984 ac
1359 1939 1486 1982 tem
1525 1918 1566 1981 li
1603 1917 1988 1984 antistitibus.

443 1997 646 2062 Praeda
674 2019 920 2083 quoque
952 1999 1112 2062 haud
1140 1998 1337 2064 minor
1361 1999 1476 2062 Gal
1501 2001 1551 2063 is
1575 1998 1756 2083 quium
1781 1998 1988 2063 νῐέίο-

441 2078 531 2143 ria
564 2077 699 2141 fuit.
736 2100 871 2144 nam
894 2079 997 2143 etfi
1028 2098 1237 2162 magna
1263 2101 1396 2162 pars
1425 2080 1762 2142 animalium
1797 2078 1986 2174 strage

443 2158 617 2242 sylvae
660 2180 741 2244 op
785 2159 923 2223 ressa
965 2171 1091 2223 erat
1116 2207 1134 2235 ‚
1171 2177 1366 2224 tamen
1411 2179 1620 2223 ceterae
1658 2178 1751 2222 res
1779 2206 1798 2236 ,
1841 2181 1984 2243 quia

443 2238 597 2304 nihil
635 2182 967 2324 dilffpatum
1007 2239 1152 2381 fug&
1189 2241 1272 2304 est
1301 2287 1322 2316 ,
1363 2238 1546 2303 stratae
1591 2260 1697 2323 per
1737 2261 1986 2304 omnem

440 2320 688 2400 jacentis
726 2321 971 2402 agminis
1006 2339 1076 2380 or
1122 2319 1279 2384 inem
1319 2321 1570 2382 inventae
1603 2322 1757 2385 sunt.

519 2404 730 2476 XXV.
767 2406 896 2463 Hac
934 2399 1212 2464 nunciat&
1248 2399 1414 2462 clade
1435 2449 1454 2477 ‚
1493 2421 1681 2484 quum
1715 2419 1821 2484 per
1852 2399 1982 2464 dics

441 2480 665 2545 multos
691 2480 753 2543 in
786 2498 957 2546 tanto
981 2501 1204 2566 pavore
1230 2478 1428 2545 fuiffet
1465 2481 1676 2546 civitas
1693 2527 1715 2557 ,
1742 2497 1812 2544 ut
1831 2527 1851 2559 ,
1892 2499 1984 2544 ta-

508 2658 536 2690 ι-
559 2642 786 2708 ‚Ancipiti
802 2639 988 2705 stage]
1016 2647 1179 2700 Quum
1246 2655 1353 2692 tem.
1369 2639 1568 2694 facilins
1586 2643 1636 2690 δε
1653 2639 1847 2690 liberius
1865 2633 1984 2692 flue·

447 2704 763 2756 sternerentur
798 2738 815 2764 ,
860 2702 952 2752 five
1000 2721 1188 2755 ruerent
1247 2722 1318 2756 ret
1355 2709 1517 2756 oratio
1545 2741 1562 2766 ,
1605 2703 1640 2754 fl
1685 2705 1942 2771 legeremus
1960 2739 1982 2767 ‚

443 2772 641 2820 arbores
660 2774 708 2820 in
728 2785 1055 2836 quamcunque
1072 2788 1185 2836 pat·
1248 2773 1332 2839 qui
1339 2767 1551 2835 fluminis
1561 2780 1737 2838 pontem
1781 2781 1980 2831 etentes,

446 2849 544 2883 tem
567 2869 582 2894 ,
615 2838 663 2882 in
701 2835 928 2884 directum
951 2869 968 2895 ,
998 2835 1027 2884 ἑ
1068 2837 1184 2888 dex-
1247 2833 1451 2900 obfiffum
1493 2833 1601 2882 ant?
1639 2832 1699 2884 ab
1777 2833 1941 2901 ostibus
1961 2867 1982 2897 ,

448 2912 525 2948 tta
542 2932 559 2957 ,
578 2897 609 2946 ὲ
628 2899 763 2947 laeva.
1246 2895 1469 2961 interclufi
1492 2904 1620 2964 sunt.

520 2978 540 3022 3
567 2961 673 3032 ‚Qei
683 2959 894 3026 fluminis
912 2972 1087 3022 pontem
1104 2975 1182 3024 pe-

445 3037 594 3076 tentes
614 3061 631 3085 ,
662 3023 817 3091 obseffo
838 3025 943 3071 ant?
962 3024 1021 3071 ab
1042 3025 1181 3091 bosti—
1309 3041 1346 3086 4
1382 3023 1639 3074 Sacerdoti.
1655 3061 1671 3075 .
1691 3059 1708 3076 .
1741 3039 1797 3074 ac
1825 3019 1986 3091 templi

447 3087 534 3138 bus
573 3101 703 3152 ponte
724 3123 741 3147 ,
773 3085 995 3152 interclusi
1034 3088 1179 3154 sime]
1246 3087 1562 3154 antistitibus]
1613 3093 1664 3137 Ei
1749 3090 1798 3138 ui
1845 3089 1986 3136 sacra

448 3153 677 3218 Displicet
718 3158 767 3206 τὶ
808 3164 943 3270 gome
984 3167 1087 3204 tam
1126 3171 1186 3204 ex
1247 3151 1456 3216 satisfit,
1483 3159 1532 3204 ει
1555 3157 1645 3201 toti
1745 3153 1872 3220 legio
1891 3165 1981 3202 an.-

447 3222 718 3288 μορίῑιςιιο
752 3219 807 3270 su
842 3217 1033 3286 sequens
1060 3231 1184 3292 pon·
1248 3217 1451 3290 tistitum
1469 3216 1662 3284 templ&
