2275 3842
530 205 687 307 '332

1020 194 1616 272 T.L1v11
1993 241 2012 280 ‚

284 291 513 352 *lx-‹38-
534 308 869 386 ingererent
892 339 911 367 ‚
948 311 1188 360 murum
1215 294 1292 359 ab
1315 295 1440 358 imo
1463 295 1537 358 ad
1562 297 1856 358 summum
1879 301 1910 345 ⁷
1937 308 2063 358 cre-

232 439 239 444 ,
274 354 518 412 “⁰⁶¹4
538 373 660 436 bris
684 373 1043 438 cubitalibus
1069 374 1196 438 fere
1221 376 1383 440 cavis
1405 375 1669 459 aperuit,
1691 394 1795 456 per
1821 394 1954 459 qua:
1975 396 2065 438 ca-

536 473 613 516 va
644 473 777 538 pars
805 443 1031 536 figittis
1065 501 1086 530 ,
1126 475 1260 538 pars
1301 457 1325 496 ⁸
1370 453 1778 539 scorpionibus
1816 453 2068 516 modicis

536 552 623 596 ex.
650 532 897 596 occulto
938 535 1217 627 petebant
1259 531 1509 620 hostem.
1554 548 1583 587 9
1628 537 1782 611 Quae
1823 533 2066 626 propius

533 612 803 696 quaedam
828 613 1101 690 subibant
1124 621 1304 678 nave}
1321 659 1341 690 ,
1362 636 1487 698 quo
1516 624 1578 658 ¹0
1603 613 1916 676 interiores
1941 614 2082 682 isti--

534 691 651 755 bus
692 710 1127 758 tormentorum
1166 691 1346 758 essent
1366 738 1389 768 ,
1420 705 1476 738 ¹¹
1521 693 1586 755 in
1628 713 1726 757 eas
1768 692 2070 758 tollenone

533 777 708 855 super
728 792 968 838 murum
990 775 1288 840 eminente
1317 771 1506 836 ferrea
1530 793 1738 836 manus
1763 773 1938 838 firmat
1963 794 2066 835 ca-

536 869 684 914 renae
725 851 948 935 illigata
993 875 1184 938 quum
1227 853 1438 933 injesta
1477 874 1661 938 prorae
1699 851 1838 916 effer
1856 900 1877 930 ,
1904 853 2069 936 gravi

530 930 886 1008 libramento
938 933 1165 1018 plumbi
1211 933 1536 998 recellente
1575 932 1650 996 ad
1693 933 1882 1000 solum
1919 980 1941 1012 ,
1977 935 2073 998 su-

350 985 375 1028 l

589 1090 624 1134 7
658 1075 835 1127 Crebris
868 1051 1143 1128 cubitalia„
1173 1077 1286 1144 fer-b*
1334 1091 1512 1127 rentur.
1572 1041 1652 1128 8ὶὲ
1691 1078 1726 1126 l.
1775 1084 1886 1128 vn.
1933 1077 2074 1144 supra
2149 1050 2160 1060 ·

524 1142 705 1202 cavis]
757 1141 948 1192 Crebris
1008 1142 1268 1192 foramini-

428 1218 434 1224 ·
525 1204 616 1253 bus
639 1237 656 1264 ,
693 1221 901 1270 quorum
947 1207 1268 1272 magnitudo,

524 1265 621 1318 five
648 1268 877 1320 diameter
896 1268 1006 1320 esset
1026 1275 1164 1321 unius
1181 1288 1268 1321 cu-

525 1331 649 1382 biti:
673 1349 754 1398 per
776 1351 879 1399 quae
910 1335 1153 1385 foramina
1181 1337 1269 1384 alii

524 1397 723 1462 sagittis.
746 1433 759 1444 .
782 1433 794 1445 .
826 1399 1046 1464 Ceterum
1066 1402 1168 1450 haec
1185 1416 1267 1449 ca-

520 1475 587 1510 va
622 1496 638 1520 ,
680 1459 714 1510 fi
750 1464 985 1514 credimus
1023 1465 1228 1528 Polybio
1247 1499 1266 1526 ‚

524 1540 671 1590 quem
726 1525 807 1576 hic
870 1531 1012 1578 vertit
1061 1531 1220 1578 Livius
1247 1562 1265 1589 ,

522 1592 659 1638 unius
703 1589 889 1640 tannim
928 1593 1081 1657 palmi
1117 1592 1266 1642 fuere.

518 1657 641 1712 Quae
680 1655 871 1718 quidem
913 1655 1121 1706 multum
1167 1657 1263 1704 dis-

518 1731 727 1830 ἰταμαὶ.
772 1720 969 1768 Cubitus
1004 1721 1263 1834 (3ῐὲωῶὴῆ-

558 1795 603 1830 et
666 1797 705 1829 ee
725 1799 801 1830 ern
844 1799 991 1834 unum
1171 1801 1264 1832 mi-

522 1797 665 1894 diutili²
676 1863 688 1894 :
710 1847 897 1910 palmus
921 1864 1127 1914 quatuor
1155 1865 1263 1899 tan·

523 1909 627 1959 tum
646 1909 843 1976 ‘digitos
871 1948 889 1974 ‚
941 1917 991 1963 δε
1026 1913 1092 1964 est
1132 1915 1261 1966 sexta

520 1989 635 2038 pars
650 1977 818 2026 cubiti.

592 2042 619 2087 8
663 2040 1011 2110 Scorpiom'bus]
1054 2043 1259 2154 διυγία-

518 2119 602 2154 nes
644 2104 749 2154 sunt
794 2107 1028 2156 machine
1075 2107 1154 2154 bel
1176 2110 1259 2155 icae

514 2167 583 2218 ad
614 2169 850 2220 vibranda
886 2171 1091 2218 missilia.
1143 2171 1258 2220 Ideo

518 2230 581 2282 fic
637 2235 1029 2300 nuncupabantur
1061 2268 1078 2293 ,
1126 2233 1258 2298 quod

506 2300 675 2364 ¹parvis
701 2299 1042 2364 subtilibusque
1069 2298 1257 2361 spiculis

514 2376 728 2412 mortem
745 2361 988 2412 inferrent.
1020 2365 1108 2413 Vir
1140 2378 1258 2411 unus

517 2441 598 2474 eos
623 2426 824 2491 dirigere
839 2460 857 2486 ,
876 2429 937 2475 iis
960 2429 1029 2476 uti
1049 2439 1254 2491 poterat.

516 2485 731 2554 Duplicis
758 2493 938 2554 generis
964 2489 1121 2552 fuere,
1146 2507 1254 2541 ma·

514 2555 645 2618 jores
666 2556 980 2619 minoresque.

582 2633 611 2670 9
642 2618 769 2686 Qua
796 2616 979 2686 propias
1002 2617 1256 2687 quedam]

518 2685 674 2730 Vacat
694 2681 865 2732 ultima
886 2697 982 2734 vox
999 2717 1017 2744 ,
1042 2683 1256 2736 videtur·

520 2761 613 2812 que
642 2743 856 2796 delenda.

591 2823 649 2857 ιο
688 2812 936 2861 Interiores
965 2810 1133 2861 imbus
1161 2825 1259 2862 tor·

514 2882 800 2936 mentorum]
820 2879 1086 2940 PropioreS,
1110 2876 1258 2942 quam

520 2951 575 2986 ut
637 2937 804 2987 iffibus
867 2955 1218 2991 tormentorum
1238 2975 1257 3000 ,

522 3015 628 3066 quae
658 3005 709 3054 in
735 3003 1052 3070 longinquum
1076 3005 1260 3067 jacula-

522 3065 699 3116 bantur
717 3101 734 3126 ,
764 3066 895 3118 feriri
920 3065 1135 3134 pollent3
1159 3083 1260 3116 tam

519 3133 795 3196 propinqua
823 3167 839 3191 ,
877 3147 930 3181 ut
967 3132 1061 3182 tela
1095 3131 1120 3179 ὲ
1157 3146 1259 3181 rot-

516 3197 690 3252 monus
717 3194 881 3252 emissa
905 3196 1033 3254 ultra
1056 3211 1133 3249 eat
1161 3195 1260 3250 fer·

1333 1160 1380 1192 e.
1423 1155 1499 1190 ιο.
1549 1147 1609 1192 Τ.
1653 1143 1864 1192 Manlius
1899 1142 2076 1192 dicitur

1332 1205 1518 1318 gnei-ior
1541 1207 1733 1274 periculo
1760 1205 1968 1257 vulneris
1990 1207 2078 1274 fa·

1380 1287 1455 1320 us.

1402 1347 1420 1380 1
1435 1347 1454 1381 ι
1491 1337 1552 1381 In
1575 1350 1652 1382 eas
1673 1332 1890 1384 tollenone
1909 1342 1932 1397 ]
1961 1333 2078 1383 Tol-

1329 1395 1429 1447 leno
1477 1397 1542 1446 est
1587 1399 1823 1447 machinae
1873 1413 2020 1463 genus
2050 1433 2072 1460 ,

1333 1477 1481 1526 quum
1513 1463 1640 1510 trabi
1665 1465 1715 1510 in
1742 1475 1927 1512 terram
1946 1478 2074 1528 prae-

1331 1525 1428 1574 alte
1461 1525 1624 1574 defixae
1657 1529 1706 1574 in
1739 1528 1928 1576 summo
1959 1543 2074 1584 ver-

1331 1592 1423 1638 tice
1458 1591 1556 1638 alia
1593 1592 1836 1640 tranversa
1878 1591 2076 1656 longior

1329 1653 1543 1702 dimensi
1565 1654 1814 1704 medietate
1834 1657 2078 1706 conneffi·

1329 1730 1406 1765 tur
1437 1734 1496 1766 eo
1531 1717 1825 1769 libramento
1905 1735 1959 1770 ut
1982 1755 2002 1780 ,
2037 1718 2074 1770 fi

1328 1796 1478 1838 unum
1501 1797 1642 1847 eaput
1671 1754 1940 1860 deprgss‘etis
1952 1818 1970 1844 ,
1991 1785 2072 1834 al·-

1327 1859 1485 1895 terum
1536 1850 1746 1911 erigatur
1771 1881 1788 1908 ,
1821 1848 1965 1914 idque
2008 1849 2075 1900 ad

1328 1925 1472 1960 onera
1507 1911 1734 1961 tollenda.
1774 1915 1924 1977 Igitur
1958 1928 2075 1963 ma·

1325 1973 1470 2023 thina
1517 1976 1659 2038 hujus
1705 1979 1885 2041 generis
1932 1978 2076 2042 super

1325 2053 1520 2088 murum
1571 2042 1804 2090 eminente
1841 2075 1858 2100 ,
1910 2039 2074 2092 ferrea

1323 2117 1492 2152 manus
1522 2101 1673 2152 firmae
1704 2119 1877 2153 catenae
1903 2105 2075 2170 illiga·

1322 2180 1371 2216 ta
1388 2201 1405 2226 ,
1433 2183 1536 2232 quae
1557 2168 1751 2232 quidem
1768 2183 1934 2218 catena
1953 2185 2075 2234 pen-

1321 2230 1465 2280 debat
1487 2247 1543 2280 ex
1567 2248 1663 2282 uno
1694 2233 1896 2282 brachio
1921 2234 2074 2286 tolle-

1321 2297 1458 2343 nonii
1488 2329 1508 2356 ‚
1557 2298 1860 2360 injiciebantur
1903 2315 2071 2364 prorae

1321 2358 1523 2424 alicujus
1563 2364 1712 2410 navis.
1758 2367 1882 2411 Tum
1925 2365 2076 2428 gravi

1320 2422 1612 2474 libramento
1659 2425 1893 2491 plumbi,
1934 2427 2078 2492 quod

1319 2487 1460 2537 alteri
1534 2489 1792 2539 tollenonis
1859 2491 2076 2544 brachio

1319 2567 1597 2612 connexum,
1615 2570 1718 2603 erat
1733 2589 1750 2614 ,
1779 2555 2032 2606 recellente
2048 2590 2074 2620 ,

1321 2617 1398 2666 seu
1429 2619 1670 2668 recidente·
1685 2619 1747 2667 ad
1767 2619 1923 2668 solum
1937 2655 1954 2680 ,
1966 2636 2073 2670 -ne-

1318 2677 1437 2731 cesse
1463 2697 1564 2732 erat
1597 2698 1814 2732 catenam
1830 2718 1848 2744 ,
1876 2686 1928 2733 δι
1962 2683 2074 2734 fer-

1321 2762 1454 2796 ream
1497 2763 1728 2808 manum,
1763 2750 1813 2796 &
1897 2764 2075 2862 maan-m

1322 2873 1461 2938 pensa
1483 2874 1658 2938 prora,
1682 2879 1845 2925 navim
1867 2847 2074 2944 iu'pup-

1322 2940 1424 3001 pim
1442 2937 1598 2986 statui.
1636 2942 1760 2990 Dein
1779 2940 1942 2990 eadem
1961 2941 2074 2994 fet·

1323 3017 1400 3050 rea
1420 3017 1590 3052 manus
1607 3001 1795 3054 remissa
1812 3037 1828 3064 ,
1859 3007 1911 3056 ὃ(
1929 3007 2076 3058 subi-

1323 3062 1377 3114 τὸ
1406 3082 1620 3132 exempta
1650 3069 1883 3118 maehina
1900 3103 1918 3128 ‚
1941 3067 2074 3124 fine·

1325 3129 1409 3180 bat
1426 3147 1597 3180 navem
1618 3133 1820 3181 recidere
1837 3166 1856 3194 ,
1877 3136 1927 3182 &
1948 3151 2072 3190 eam
2093 3177 2104 3186 .

1326 3197 1396 3252 ita
1412 3193 1660 3265 affligebat
1673 3195 1810 3250 undis
1823 3231 1844 3266 ,
1873 3211 1925 3251 ut
1940 3229 1954 3247 ·
1969 3232 1990 3254 .
2002 3233 2028 3254 .

1319 2814 1454 2860 navis
1477 2811 1657 2860 sursum
1679 2814 1829 2876 erigi,
