2275 3842
1242 0 1291 15 Vr

614 232 675 308 ι
726 255 755 308 1
812 211 960 308 η
1015 259 1065 310 n
1161 229 1502 307 xxm.
1657 257 1705 306 2
1757 255 1805 332 ,3

292 351 391 396 tus
432 332 700 396 decrevit
742 329 1018 394 distatori
1062 329 1434 393 scribendum
1459 377 1479 404 ‚
1517 330 1613 394 uti
1639 377 1660 406 ‚
1723 351 1743 392 1
1780 331 1814 394 ὲ
1845 350 2070 404 manc.

290 413 595 496 republica
622 409 1017 474 censeret‘·effe
1044 456 1062 483 ‚
1104 411 1178 474 ad
1205 409 1475 473 consules
1503 413 1820 494 subrogan-
1840 407 2079 460 a·‘·³·²¹‘⁴·

292 491 403 554 dos
428 493 659 557 veniret
676 533 697 565 ,
722 513 863 555 cum
890 491 1161 574 magistro
1185 489 1456 573 equitum
1478 537 1496 565 ,
1525 496 1817 575 &praeto-

292 593 357 636 re
392 578 477 638 M.
512 570 796 634 Marcello
814 616 834 646 ,
862 590 927 635 ut
958 591 1031 632 ex
1062 572 1135 634 iis
1168 571 1542 654 praesentibus
1580 573 1822 634 noscere

295 656 501 716 Patres
526 649 750 736 possent
767 697 785 726 ‚
814 674 935 736 quo
961 650 1111 714 statu
1136 651 1462 734 respublica
1483 648 1621 714 effet
1637 698 1658 725 ‚
1679 671 1824 713 con-

282 730 537 816 'filiaque
568 751 641 794 ex
673 733 849 794 rebus
882 749 1180 815 caperent.
1226 731 1358 808 Qui
1391 732 1564 794 acciti
1607 749 1775 793 erant
1799 776 1820 806 ,

298 831 505 874 omnes
539 830 830 876 venerunt
862 856 881 884 ‚
926 810 1142 873 relistis
1185 809 1392 892 legatis
1430 812 1535 895 qui
1573 811 1826 894 legioni-

299 890 411 954 bus
444 889 759 974 praeeffent.
801 891 1072 954 Dictator
1098 889 1174 954 de
1201 891 1256 952 se
1283 912 1466 976 pauca
1493 913 1561 953 ac
1587 889 1828 955 modice

299 970 541 1034 locutus
568 1018 588 1046 ‚
626 972 685 1034 in
721 971 1055 1053 magistrum
1088 971 1396 1052 equitum,
1418 971 1507 1032 Ti.
1551 973 1828 1054 Sempro-

300 1052 465 1114 nium
501 1051 880 1128 Gracchum,
906 1069 1181 1134 magnam
1209 1069 1434 1132 partem
1459 1049 1659 1132 gloriae
1691 1071 1826 1114 ver-

302 1131 377 1193 tit
402 1158 421 1208 3
449 1133 811 1214 comitiaque
850 1130 1036 1194 edixit
1060 1177 1079 1206 ‚
1113 1131 1332 1214 quibus
1383 1135 1445 1190 L.
1490 1131 1828 1194 Postumius
1851 1141 2058 1200 cmm

301 1211 545 1274 tertium
594 1211 795 1274 absens
839 1213 942 1296 qui
990 1228 1119 1274 tum
1167 1209 1418 1272 Galliam
1461 1211 1827 1295 provinciam

298 1291 639 1366 obtinebat,
664 1295 725 1354 δε
759 1291 855 1356 Ti.
895 1290 1274 1374 Sempronius
1314 1289 1624 1352 Gracchus
1653 1336 1672 1364 ‚
1721 1293 1828 1375 qui

302 1389 434 1434 tum
473 1371 740 1454 magister
776 1372 1049 1460 equitum
1090 1374 1154 1432 δε
1191 1369 1372 1431 aedilis
1405 1369 1632 1432 curulis
1667 1389 1830 1448 erat,

299 1451 573 1514 consules
604 1471 965 1515 crearentur.
1007 1454 1293 1512 Praetores
1321 1450 1459 1512 inde
1491 1451 1714 1524 creati,
1741 1457 1832 1515 M:

301 1531 576 1594 Valerius
608 1531 907 1608 Laevinus,
935 1535 1051 1614 Ap.
1097 1529 1392 1594 Claudius
1425 1529 1714 1604 Pulcher,
1742 1534 1830 1610 Q.

296 1610 541 1676 Fulvius
577 1610 858 1682 Flaccus.
902 1617 987 1689 Q.
1027 1611 1270 1672 Mucius
1303 1609 1580 1673 Scaevola.
1622 1609 1835 1672 Dista-

302 1708 437 1766 tor,
465 1693 677 1754 creatis
708 1691 1136 1774 magistratibus
1160 1735 1180 1762 ‚
1222 1693 1484 1752 Teanum
1527 1691 1590 1752 in
1631 1689 1834 1752 hiber·-

302 1773 483 1836 naad
512 1771 839 1834 exercitum
873 1770 1047 1833 rediit
1071 1818 1091 1846 ,
1125 1769 1333 1833 relic'to
1361 1769 1634 1854 magistro
1662 1768 1832 1854 equi-

260 1888 267 1894 ·
300 1869 431 1917 tum
470 1855 667 1914 Romae
693 1851 843 1944 {qui
882 1849 1236 1934 quum‘post
1275 1870 1497 1931 paucos
1537 1848 1664 1911 dies
1703 1871 1832 1912 ma-

346 1931 605 1995 istratum
645 1933 901 1994 initurus
940 1930 1079 1992 effet
1105 1976 1125 2004 ‚
1171 1930 1247 1991 de
1287 1929 1646 1993 exercitibus
1687 1929 1832 1991 scri-

300 1951 509 2074 §endis
542 2010 1065 2096 comparandisque
1099 2009 1160 2070 in
1199 2029 1418 2070 annum
1455 2014 1655 2072 Patres
1682 2030 1832 2072 con·-

301 2091 539 2156 suleret.
588 2097 803 2171 Quum
836 2111 915 2152 eae
945 2111 1036 2154 res
1067 2087 1318 2151 maxime
1349 2106 1697 2170 agerentur,
1725 2109 1832 2152 no-

300 2194 377 2237 va
416 2171 613 2234 clades
644 2172 921 2236 nunciata
946 2217 966 2245 ‚
1006 2169 1178 2234 aliam
1209 2169 1379 2251 super
1413 2167 1580 2230 aliam
1618 2188 1834 2232 cumu-

301 2253 463 2316 lante
504 2251 563 2314 in
602 2273 737 2314 eum
768 2272 985 2314 annum
1018 2248 1260 2312 fortuna
1297 2276 1315 2322 3
1361 2253 1422 2312 L.
1469 2247 1832 2311 Postumium
1883 2267 2090 2319 tmana-

303 2332 605 2397 consulem
644 2331 1003 2414 designatum
1031 2376 1050 2402 ‚
1090 2329 1152 2391 in
1187 2327 1378 2390 Gallia
1423 2329 1609 2411 ipsum
1651 2327 2091 2434 atqueyjffiffff·

178 2407 217 2434 ’·
304 2417 633 2478 exercitum
664 2411 916 2474 deletos,
959 2410 1132 2491 Sylva
1170 2426 1296 2471 erat
1331 2408 1486 2474 vasta
1523 2407 1833 2486 (Litanam
1857 2441 2004 2483 eam,

310 2492 471 2556 Galli
520 2492 857 2570 vocabant)
914 2489 1031 2572 qua
1077 2489 1406 2552 exercitum
1457 2487 2091 2564 traducturuscpmexer-

310 2573 456 2636 erat.
507 2572 636 2654 ejus
682 2572 848 2652 sylvae
896 2569 1102 2630 dextra
1158 2568 1419 2652 laevaque
1473 2569 1632 2632 circa
1676 2570 1836 2634 viam
1855 2565 1938 2657 ἵζ’*
1977 2553 2094 2598 “a‘’

310 2651 474 2717 Galli
511 2651 748 2714 arbores
782 2650 862 2713 ita
901 2649 1231 2712 inciderant
1263 2697 1281 2723 ,
1320 2667 1388 2712 ut
1435 2648 1690 2711 immotae
1725 2649 1861 2712 sta--
1917 2644 1936 2662 “

311 2749 446 2797 rent
467 2777 487 2805 ‚
514 2744 535 2776 ¹
568 2748 876 2795 momento
897 2729 1061 2790 levi-i
1169 2728 1297 2791 ulsae
1321 2729 1686 2791 occiderent.
1729 2735 1841 2794 Le-

309 2812 520 2898 giones
555 2811 699 2878 duas
738 2815 1025 2874 Romanas
1058 2807 1314 2872 ha'ebat
1345 2808 1678 2871 Postumius
1698 2855 1719 2881 ‚
1748 2813 1840 2872 so-

312 2891 595 2974 ciumque
634 2893 715 2956 ab·
756 2897 985 2977 Supero
1030 2889 1178 2954 mati
1217 2907 1442 2951 tantum
1486 2889 1844 2973 conscripse-

309 2989 405 3040 rat
433 3018 454 3048 ,
500 2989 569 3034 ut
608 2971 1127 3058 vigintiquinque
1163 2968 1346 3038 millia
1381 2987 1742 3034 armatorum
1779 2971 1844 3034 in

382 3182 403 3218 ι
431 3167 663 3218 Memento
681 3161 778 3212 levi
796 3170 823 3226 J
838 3147 1047 3214 ‘Mamers-
1110 3180 1202 3230 que
1231 3174 1447 3213 momento
1481 3161 1586 3214 levi·
1608 3165 1685 3216 hic
1713 3125 1841 3216 idem

305 3240 407 3292 mm
426 3231 493 3282 est
511 3231 563 3282 id
584 3227 715 3295 quod
737 3241 917 3282 movet.
954 3232 1047 3288 Ita-
1110 3228 1177 3278 est
1194 3245 1250 3280 ac
1269 3227 1364 3279 levi
1383 3227 1474 3278 ictu
1489 3262 1508 3290 ,
1535 3231 1628 3283 levi-
1649 3232 1800 3284 taem..
