2275 3842
1945 50 1970 100 Ι

428 197 589 296 ‘178
776 205 786 226 ¹
925 189 1022 268 Τ.
1112 191 1181 269 L·
1231 219 1264 269 1
1313 212 1370 270 v
1417 218 1452 286 ι
1500 213 1537 268 1

238 331 401 385 eus·
432 295 549 362 bus
602 290 969 360 exercitibus
1016 293 1292 358 consules
1321 340 1343 370 ,
1385 290 1618 368 deletas
1649 311 1728 357 ue
1774 309 1996 358 omnes.

232 390 411 439 cars.
434 377 639 462 copias
659 425 679 454 ,
714 375 964 440 allatum
984 371 1196 438 fuerat.
1231 381 1599 460 Nunquam,
1644 371 1772 438 alva
1797 375 1946 439 urbe
1963 419 2000 451 ,.

437 476 671 524 tanturn
697 458 938 544 pavoris
974 456 1387 541 tumultt'isque
1415 457 1568 521 intra
1600 453 1829 520 moenia
1867 459 1990 520 Ro-

433 562 606 608 mana
634 539 788 604 fuit.
835 538 1041 623 itaque
1090 538 1472 602 succumbam
1512 537 1682 601 oneri
1720 583 1742 615 ,
1787 556 2000 623 neque·

436 621 750 707 aggrediar
799 639 1031 684 narrare
1071 666 1092 696 ,
1135 641 1266 706 quae
1316 618 1705 684 ediffertando
1757 618 2010 682 minora..

432 725 583 770 vero
613 702 838 766 fecero.
884 701 1151 764 Consule
1182 701 1574 785 exercituque
1599 700 1672 763 ad
1696 697 1990 762 Trafime-
2067 725 2074 729 ·

435 805 582 849 num
616 785 815 868 priore
846 801 1005 845 anno
1048 781 1287 856 amiffo,
1324 793 1354 836 5
1391 802 1512 846 non
1549 782 1770 845 vulnus
1810 781 1872 843 su
1917 801 1998 842 er·

436 865 659 931 vulnus
686 912 705 939 ,
745 862 842 927 sed
885 861 1200 948 multiplex
1234 861 1472 938 clades,
1502 863 1529 906 ⁶
1567 884 1708 927 cum
1746 860 1870 924 duo
1911 881 1997 924 us,

441 946 790 1010 consulibus
823 941 1161 1008 consulares
1193 945 1494 1008 exercitus
1529 943 1706 1006 amissi
1741 941 1993 1005 nuncia·-

441 1026 698 1093 bantur:
721 1047 837 1095 ηεε,
860 1024 981 1088 ulla
1013 1025 1129 1106 jam
1164 1025 1344 1088 castra
1379 1028 1638 1090 Romana
1661 1073 1682 1101 ,
1719 1043 1832 1086 nec
1865 1023 1998 1087 du·-⁸

441 1129 576 1172 cem
599 1155 619 1184 ,
652 1129 763 1172 nec
802 1106 1055 1170 militem
1088 1106 1202 1170 esse
1245 1135 1262 1169 ε
1309 1104 1622 1170 Annibalis
1661 1104 1940 1189 Apuliam
1964 1151 1997 1179 ,.

439 1189 745 1254 Samnium
766 1234 786 1264 ,
816 1209 886 1250 ac
913 1188 1025 1265 jam
1052 1206 1238 1272 prope
1264 1203 1452 1250 totam
1481 1186 1709 1250 Italiam
1745 1184 1986 1248 factam.

437 1270 625 1333 Nulla
662 1267 937 1355 profesto
971 1267 1083 1330 alia
1107 1287 1254 1352 gens
1279 1268 1438 1332 tanta
1462 1268 1620 1331 mole
1649 1266 1834 1331 cladis
1862 1286 1986 1328 non

438 1351 658 1419 obruta
689 1347 849 1412 effet.
890 1362 918 1408 Ζ
966 1352 1330 1433 Comparem
1365 1348 1595 1412 cladem
1636 1350 1708 1414 ad
1747 1353 2002 1430 AEgates:

439 1431 658 1496 insulas
704 1430 929 1494 Cartha
976 1430 1281 1494 inienfium
1331 1430 1534 1516 praelio
1581 1429 1772 1493 navali
1823 1448 2004 1492 accc·-

474 1529 607 1582 ,tam
635 1559 654 1588 ,
682 1511 801 1596 quai
840 1512 927 1573 fra
988 1512 1049 1587 i,
1073 1511 1280 1574 Sicilia*
1313 1531 1382 1572 ac
1427 1510 1693 1574 Sardinia
1729 1507 1947 1572 ceffere
1968 1555 1990 1582 ,

401 1629 410 1643 ι
493 1593 591 1656 inc
641 1591 963 1675 vectigales
1008 1613 1076 1654 ac
1122 1590 1534 1676 stipendiarios
1573 1591 1699 1654 fieri
1750 1592 1830 1654 se·
1854 1588 2003 1673 pasti

448 1675 627 1738 suntz
655 1693 758 1737 aut
782 1690 1041 1756 pugnam
1068 1671 1368 1736 adversam
1395 1672 1453 1733 in
1486 1669 1690 1735 Africa
1709 1720 1728 1749 ‚
1755 1674 1854 1734 cui
1881 1693 1994 1754 po-

448 1753 569 1820 stea
593 1753 693 1816 hic
722 1755 843 1840 ipse
870 1753 1131 1816 Annibal
1157 1751 1519 1817 succubuit?
1548 1753 1728 1816 Nulla
1751 1771 1824 1816 ex
1849 1772 1998 1836 par·-

444 1852 513 1980 lte
546 1833 949 1978 comparandae
963 1835 1115 1898 ssunt
1132 1880 1154 1913 ,
1193 1833 1296 1898 nifi
1323 1832 1497 1920 quod
1535 1834 1763 1899 minore
1791 1832 2007 1896 animo

473 1933 577 1981 atae
628 1933 755 1980 unt.
1439 1977 1450 1988 ,

246 2027 422 2070 sem„
494 2003 654 2084 Ly.
697 1999 767 2060 P.
811 1994 1025 2059 Furius
1074 1995 1285 2061 Philus
1317 2041 1336 2072 ,
1375 1998 1438 2059 δι
1483 2001 1568 2060 Μ.
1622 1993 2004 2080 Pomponius.

189 2083 406 2153 consulit-r
449 2097 727 2166 praetores
746 2126 766 2155 ,
804 2079 1067 2140 senatum
1098 2077 1162 2171 3³¹²
1201 2075 1427 2140 curiam
1460 2075 1771 2140 Hostiliam
1808 2097 1993 2140 voca-

186 2143 382 2252 fsflffiz
449 2177 666 2244 verunt
688 2206 707 2236 ,
743 2177 811 2223 ut
845 2155 921 2220 de
955 2157 1120 2227 urbis
1159 2155 1426 2242 custodia
1457 2157 1849 2221 consulerent.
1888 2177 2001 2220 ne*

496 2261 571 2305 ue
596 2241 757 2305 enim
782 2235 1131 2302 dubitabant
1151 2285 1173 2314 ,
1206 2237 1418 2301 deletis
1439 2239 1804 2302 exercitibus
1824 2285 1842 2314 ,
1868 2237 1992 2301 ho-

499 2343 593 2386 em
636 2321 710 2384 ad
758 2319 1217 2403 oppugnandam
1261 2321 1545 2395 Romam,
1589 2319 1756 2403 quod
1799 2333 2040 2382 unuin·

446 2424 601 2489 opus
631 2401 775 2466 belli
804 2398 1043 2464 restaret
1064 2445 1087 2478 ,
1116 2418 1458 2466 venturum.
1488 2405 1705 2484 Quum
1732 2401 1794 2464 in
1818 2398 2000 2464 malis

160 331 225 381 U.

168 402 216 437 a.

440 2580 609 2632 firmat
643 2581 768 2630 hanc
804 2581 1188 2631 emendationem
1315 2589 1345 2626 6
1391 2583 1508 2630 Cum
1534 2579 1708 2631 duobus
1739 2578 2002 2647 conficlibns-

442 2650 603 2702 Livius
633 2681 649 2706 ,
689 2645 816 2694 infra
850 2648 947 2696 hoc
974 2647 1078 2710 ipso
1102 2661 1188 2694 ca-
1253 2642 1504 2710 confialaeres
1521 2647 1778 2708 exercitus]
1807 2651 2006 2695 Omnes.

443 2715 541 2778 pite
564 2729 576 2758 2
599 2727 697 2758 cum
731 2709 902 2760 duobus
934 2707 1189 2776 consulibus
1253 2711 1416 2776 scripti
1439 2723 1550 2758 ante
1574 2708 1821 2773 confictores
1845 2713 1990 2758 intet-

433 2776 534 2826 ώιο
552 2772 801 2840 consulares
813 2777 1036 2827 exercitus,
1051 2774 1190 2840 amis-
1251 2776 1422 2838 jiciunt
1435 2791 1551 2834 sum.
1582 2775 1700 2832 Quis
1719 2773 1902 2842 dubitet
1920 2772 2002 2820 le·-

432 2837 498 2904 ᾗ.
529 2873 534 2878 ,
1285 2839 1458 2888 endum
1476 2848 1492 2887 Ξ
1512 2853 1612 2884 cum
1635 2836 1808 2886 dnobus
1829 2836 1994 2902 confit--

515 2916 536 2958 5
577 2905 680 2952 Non
709 2900 883 2952 vulnus
905 2903 1049 2970 fiaper·
1068 2901 1181 2951 νυοὶ·
1262 2903 1367 2952 ibus
1385 2904 1473 2951 duo
1489 2897 1734 2965 consulares
1751 2902 1984 2952 exercitus

439 2972 567 3028 nus]
594 2969 737 3014 Nunc
756 3000 774 3027 ,
795 2983 901 3016 non
912 2968 1083 3018 vulnus
1098 2969 1175 3017 su·
1240 2967 1402 3032 amiffi.

436 3045 523 3095 per
561 3029 731 3078 vulnus
747 3065 764 3090 ,
799 3031 850 3080 id
883 3032 950 3082 est
972 3066 1001 3093 ,,
1026 3048 1175 3098 prope
1300 3047 1332 3088 7
1354 3035 1613 3096 amparem
1630 3027 1845 3094 cladem]
1875 3033 1984 3080 M&

433 3110 525 3160 par
541 3093 757 3147 additum
776 3099 927 3160 priori
948 3097 1134 3147 malum
1153 3133 1172 3158 ‚
1238 3093 1328 3146 lius
1348 3131 1364 3155 ,
1395 3106 1647 3154 compares:
1668 3093 1718 3143 id
1742 3093 1808 3142 est
1822 3128 1839 3154 ‚
1861 3111 1995 3146 num,

432 3158 514 3216 sed
548 3159 703 3208 clades
750 3161 913 3211 multis
956 3163 1172 3228 partibus
1237 3160 1342 3209 tibi*
1367 3156 1422 3208 fit
1464 3161 1650 3208 animus
1693 3173 1992 3224 compararet

428 3226 591 3291 major
605 3259 620 3278 .
637 3259 659 3279 ι
680 3227 1024 3282 ιιιιιιείιίιωιιιει
1233 3240 1348 3280 cum
1373 3221 1604 3278 cannensi
1631 3223 1806 3289 clade,
1825 3225 1936 3276 &cc
