2275 3842
482 175 587 249 26
590 175 639 250 6
974 167 1073 245 T.
1165 166 1236 245 L
1280 193 1307 246 1
1357 194 1408 249 v·
1449 195 1476 249 1
1527 195 1557 248 r

187 275 447 355 'ff-²437·
478 277 747 353 ceriaeque
767 271 1056 350 fiii-tunam
1093 270 1362 352 intereffet
1383 314 1404 341 ,
1444 273 1587 354 ipsos
1611 289 1782 356 prope
1813 273 1876 334 in
1909 293 2024 340 me&

134 427 139 434 .
216 357 447 411 ²·Cdtr·
477 355 569 413 dio
588 351 725 432 sitos
762 349 1005 411 Nolanos
1020 351 1193 429 scire.
1229 349 1398 411 Nolle
1432 354 1671 414 ominari
1699 376 1819 436 quoe
1849 374 2022 437 capte

472 435 605 496 urbi
634 429 832 513 ceffiera
856 432 1044 511 fhrent
1064 456 1083 489 .·
1096 432 1200 510 sed
1218 433 1411 512 potiiaes
1435 432 1701 515 spondere
1723 476 1745 503 ,
1770 434 1830 514 fi
1855 445 2018 496 Mar-

472 510 679 574 cellum
710 533 835 572 cum
864 510 1111 594 presidio
1149 532 1215 571 ac
1255 510 1460 572 Nolam
1498 513 1842 594 tradidtffent
1863 556 1885 583 ,
1925 536 2020 576 ne-

468 595 677 655 minem
710 591 884 652 alium
909 594 1077 672 qudm
1104 592 1247 673 ipfhs
1282 589 1460 672 legem
1481 633 1503 660 ,
1541 593 1656 673 qud
1688 595 1750 653 in
1770 595 2020 671 societa-

468 671 917 746 tem‘amicitiam
958 692 1025 731 ue
1054 669 1356 731 Annibalis
1382 673 1638 732 venirent
1655 716 1677 743 ,
1713 675 2010 736 diclurum.

553 755 807 826 XLIV.
854 753 911 810 A
983 770 1052 812 ea
1090 747 1430 813 Herennius
1449 748 1648 814 Bassus
1681 751 2018 835 respondite

472 831 687 895 Multos
728 851 895 892 annos
930 838 1053 904 jam
1098 835 1250 892 inter
1285 839 1581 892 Romanum
1629 832 2020 915 Nolanumque

462 911 749 995 populum
780 913 1097 974 amicitiam
1145 904 1240 993 ‘ffi’
1257 953 1278 981 ,
1318 919 1472 985 cujus
1511 931 1731 974 neutros
1772 916 1845 974 ad
1892 935 2014 974 eam

472 995 621 1054 diem
653 994 919 1076 poenitere
941 1018 960 1052 .-
991 991 1063 1058 ὁ·
1088 990 1202 1072 sibi
1227 991 1287 1074 fi
1316 1013 1446 1054 cum
1472 993 1706 1072 fortuna
1747 997 2014 1056 mutanda

458 1073 817 1157 fides-fuerat
834 1115 855 1142 ,
881 1081 903 1115 ¹
928 1069 1052 1151 seri
1072 1079 1197 1144 jam
1226 1071 1321 1153 effi
1351 1091 1564 1134 mutare
1590 1094 1730 1134 eam.
1767 1075 2014 1135 Dedim-

468 1154 557 1214 ris
574 1153 639 1232 se
670 1150 983 1224 Annibali,
1010 1174 1115 1214 non
1131 1152 1300 1234 fhiffi’
1327 1153 1688 1234 arceffbndum
1713 1160 2014 1216 Romanum

462 1233 777 1315 praestdium
802 1255 823 1288 .-
851 1255 976 1294 cum
1012 1234 1093 1293 iis
1129 1235 1233 1314 qui
1269 1235 1342 1292 ad
1366 1236 1432 1314 fi
1456 1236 1683 1295 tuendos
1711 1233 1972 1316 veniffl’nt
1986 1277 2011 1306 ,

471 1315 658 1380 omnia
673 1312 791 1394 sibi
824 1313 897 1378 (θ’
928 1311 1024 1395 effe
1062 1314 1367 1392 conficiam
1385 1355 1411 1384 ,
1438 1313 1512 1380 ὰ
1546 1317 1620 1376 ad
1641 1312 1905 1375 ultimum
1915 1316 2013 1398 fo-

226 1413 451 1472 ‘opp-gu,
471 1416 556 1457 re.
592 1397 731 1456 Hoc
757 1389 1134 1476 colloquium
1160 1389 1396 1459 abstulit
1418 1393 1576 1476 spem
1603 1391 1882 1456 Annibali
1906 1414 2014 1478 per

212 1473 395 1525 ''Mm-
472 1473 879 1557 proditionem
908 1471 1256 1555 recipiendae
1282 1471 1469 1535 Nolae.
1494 1473 1699 1556 itaque
1722 1471 2011 1558 oppidum

470 1553 697 1618 corona
732 1550 1131 1614 circumdedit
1152 1597 1174 1626 ,
1206 1568 1277 1614 ut
1313 1549 1481 1616 fimul
1525 1553 1600 1617 ab
1641 1553 1804 1616 omni
1839 1571 2012 1637 parte

470 1633 702 1698 moenia
727 1655 759 1694 a
842 1631 1166 1694 rederetur.
1209 1635 1414 1710 Quem
1441 1649 1512 1695 ut
1536 1633 1850 1699 succeffiffe
1877 1655 2010 1699 mu-

466 1716 551 1782 ris
569 1719 790 1776 Marce
814 1731 889 1776 us
905 1711 1091 1788 vidit,
1113 1709 1389 1776 instruet&
1413 1712 1566 1776 intra
1588 1731 1822 1796 portam
1843 1715 1970 1780 acie
1984 1760 2010 1792 ‚

469 1814 611 1860 cum
636 1811 853 1876 magno
881 1791 1147 1857 tumultu
1177 1793 1392 1876 erupit.
1417 1793 1650 1877 aliquot
1677 1795 1870 1878 primo
1893 1795 2010 1857 im-

443 1891 617 1960 ,petu
652 1871 903 1959 per-culfi
940 1871 1182 1957 caefique
1222 1874 1378 1939 sunt.
1421 1871 1558 1936 dein
1601 1875 1897 1940 concursu
1930 1874 2009 1940 ad

468 1972 803 2042 pugnantes
852 1952 1011 2017 faeie
1045 1997 1067 2029 ‚
1111 1953 1362 2034 aquatis
1397 1973 1471 2016 ue
1523 1953 1752 2017 vitibus
1779 2002 1796 2030 ,
1834 1971 2010 2021 atrox

470 2034 670 2120 coepit
705 2033 818 2098 effe
856 2053 1071 2119 pugna.
1109 2053 1370 2096 memora
1413 2033 1514 2096 ilis
1547 2055 1622 2096 ue
1660 2032 1816 2098 inter
1853 2055 2012 2120 pau-

473 2135 575 2178 cas
608 2112 807 2178 fuiffet
828 2159 847 2188 ,
874 2114 935 2176 ni
968 2112 1310 2196 ingentibus
1336 2132 1516 2197 proce
1541 2112 1614 2174 lis
1643 2112 1861 2178 effusus
1892 2114 2010 2177 im-

472 2195 583 2259 ber
634 2191 951 2259 diremiffet
985 2207 1343 2287 pugnantes,
1399 2198 1489 2256 Eo
1542 2191 1644 2258 die
1696 2193 2010 2258 commiffo

472 2274 717 2344 modico
758 2291 1079 2339 certamine
1099 2319 1121 2351 ‚
1151 2289 1332 2354 atque
1371 2273 1616 2336 irritatis
1657 2275 1868 2338 animis
1891 2321 1908 2350 ,
1940 2274 2010 2338 in

471 2356 685 2422 urbem
723 2353 973 2420 Romani
998 2402 1016 2430 ,
1056 2352 1242 2417 Poeni
1277 2352 1340 2416 in
1385 2353 1566 2420 castra
1603 2353 1722 2417 sese
1761 2375 2006 2438 recepe-⁴·

470 2454 633 2500 runt.
671 2435 868 2501 tamen
904 2435 1240 2498 Poenorum
1283 2433 1471 2518 primi
1513 2433 1830 2526 eruptione
1909 2455 2006 2498 er·-

468 2515 614 2580 culfi
638 2515 985 2581 ceciderunt
1014 2514 1180 2577 haud
1200 2511 1334 2596 plus
1357 2514 1538 2599 quim
1563 2515 1845 2598 triginta:
1925 2537 2006 2578 o-

466 2616 777 2659 manorum
798 2595 1019 2660 nullus.
1062 2593 1264 2658 Imber
1287 2594 1604 2658 continens
1627 2615 1737 2689 per
1761 2595 2006 2660 nostem

467 2692 657 2740 totam
693 2676 883 2758 usque
917 2674 992 2738 ad
1022 2673 1232 2738 horam
1269 2674 1503 2738 tertiam
1539 2672 1659 2737 dier
1691 2675 2010 2760 insequen-

466 2756 545 2819 tis
562 2757 779 2820 tenuit.
802 2755 1004 2842 itaque
1022 2802 1039 2832 ,
1069 2773 1408 2840 quanquam
1434 2773 1686 2837 utraque
1709 2777 1840 2841 pars
1865 2755 2004 2820 avi-

462 2835 525 2900 di
556 2837 893 2900 certaminis
914 2853 1092 2899 erant
1111 2881 1132 2910 ‚
1164 2854 1238 2898 eo
1271 2833 1370 2898 die
1405 2852 1727 2900 tenuerunt
1766 2837 1881 2899 sese
1913 2853 2000 2900 ta-

462 2935 599 2981 men
636 2915 1036 2980 munimentis.
1074 2913 1290 2977 Tertio
1325 2915 1420 2980 die
1463 2914 1722 2987 Annibal
1765 2935 2002 3004 partem

457 2997 763 3086 copiarum
794 2994 1114 3082 praedatum
1138 2993 1204 3058 in
1237 3013 1444 3080 agrum
1477 2998 1780 3066 Nolanum
1816 2995 1992 3064 mifit.

514 3190 538 3230 t
576 3175 681 3229 Sera
710 3175 811 3244 {aa
839 3176 963 3245 effe]
994 3174 1170 3230 Melius
1191 3174 1422 3229 fortaffee
1436 3173 1604 3244 [nm.
