2275 3842
417 172 526 303 8o
707 250 718 267 ⁴
897 224 992 302 T.
1090 225 1495 304 Lrvxr

148 334 387 388 mezu.
423 322 830 389 consternatos
854 368 875 400 ‚
902 324 1094 389 media
1119 324 1279 401 acie,
1312 327 1375 405 in
1401 343 1723 389 extremam
1747 370 1765 401 ,
1794 324 1869 389 ad
1894 322 1967 386 fi-

154 388 390 438 “C·²·¹⁸·
424 405 671 469 nistrum
703 424 893 468 cornu
916 452 936 482 ,
965 403 1245 469 adversus
1276 406 1484 470 Gallos
1518 406 1826 470 auxiliares
1864 404 1964 488 agi

424 486 585 569 juffit
623 484 904 549 Annibal.
943 486 1258 570 Extemplo
1292 487 1452 551 haud
1490 486 1728 549 dubiam
1766 485 1971 551 fecere

219 570 404 616 ’‘³³⁶⁸'-
430 566 654 650 fugam.
681 565 916 629 additus
947 587 1195 659 quoque
1219 587 1411 633 novus
1434 586 1625 631 terror
1649 566 1927 631 Romanis
1944 608 1971 643 ,

148 640 236 736 :23'
253 632 402 684 ΚΜ*
429 664 502 712 ut
529 647 654 710 fusa
687 645 904 709 auxilia
931 648 1029 710 sua
1055 645 1359 712 viderunt.
1402 656 1491 713 Ita
1540 669 1613 712 ue
1681 669 1827 711 uum
1857 646 1972 709 ‘am

425 727 494 795 in
526 726 734 791 orbem
761 744 1132 813 pugnarent,
1162 726 1372 791 decem
1406 728 1515 792 mil
1542 728 1595 791 ia
1660 748 1821 791 erme
1902 748 1976 789 o·

427 808 661 873 minum
701 827 890 889 quum
923 806 1034 871 alia
1069 808 1319 872 evadere
1356 806 1689 893 nequissent
1716 853 1736 883 ,
1779 805 1977 870 medii

427 886 723 955 Afrorum
773 886 899 950 acie
925 934 946 964 ‚
988 908 1119 981 quae
1174 888 1422 953 Gallicis
1462 888 1699 953 auxiliis
1746 887 1977 951 firmata

431 985 559 1033 erat
580 1014 600 1044 ,
638 987 778 1030 cum
814 968 1040 1061 ingenti
1076 968 1235 1032 caede
1260 968 1517 1033 hostium
1547 987 1887 1055 perrupere.
1912 970 1978 1030 &

427 1068 624 1134 quum
657 1067 854 1133 neque
879 1070 942 1112 ιη
969 1048 1150 1113 castra
1181 1048 1406 1113 reditus
1429 1048 1603 1126 effer,
1623 1048 1867 1113 flumine
1888 1046 1979 1109 in-
1999 1106 2019 1116 r

428 1127 706 1193 tei-clusis
724 1175 744 1206 ,
775 1149 972 1212 neque
997 1150 1111 1216 prae
1135 1129 1318 1194 imbri
1340 1130 1474 1194 satis
1496 1128 1817 1193 decernere
1838 1128 1979 1213 pos·

429 1210 567 1274 sent
585 1256 606 1285 ,
644 1208 763 1293 qua
789 1210 906 1273 suis
931 1230 1108 1297 opem
1134 1208 1359 1275 ferrent
1376 1257 1397 1287 ‚
1427 1209 1790 1273 Placentiam
1810 1208 1979 1272 resto

427 1288 652 1352 itinere
678 1308 1009 1374 perrexere.
1049 1290 1259 1354 Plures
1282 1289 1497 1355 deinde
1521 1290 1584 1352 in
1607 1309 1814 1353 omnes
1840 1309 1982 1372 par-

431 1368 912 1451 tes-eruptiones
945 1368 1108 1433 faetae
1142 1391 1159 1432 ε
1203 1374 1270 1433 &
1307 1371 1413 1451 qui
1446 1368 1667 1433 flumen
1706 1368 1931 1451 petiere
1955 1414 1980 1443 ,

435 1466 548 1513 aut
586 1448 926 1533 gurgitibus
964 1449 1256 1533 absumpti
1295 1453 1465 1522 sunt,
1496 1466 1600 1512 aut
1634 1448 1793 1511 inter
1826 1468 1979 1511 cun-

438 1528 764 1595 &ationem
789 1527 1164 1611 ingrediendi
1190 1528 1261 1591 ab
1283 1527 1548 1593 hostibus
1570 1527 1841 1611 oppreffi.
1868 1525 1983 1611 qui

441 1608 643 1694 passim
745 1630 774 1671 r
798 1626 970 1692 agros
1008 1607 1153 1692 fuga
1189 1608 1355 1703 sparsi
1378 1626 1544 1672 erant
1562 1654 1583 1683 ,
1611 1607 1853 1693 vestigia
1876 1627 1980 1671 ce-

208 1706 412 1775 ιπνιιιιειι.
443 1690 641 1760 dentis
689 1706 980 1773 equentes
1009 1688 1259 1772 agminis
1285 1734 1305 1762 ,
1343 1687 1707 1753 Placentiam
1733 1706 1988 1752 conten-

180 1777 290 1831 ’Μ
319 1762 396 1818 Γ*
443 1769 586 1835 ἀὲτε
610 1791 626 1832 :
653 1767 781 1833 aliis
799 1769 980 1834 timor
999 1768 1257 1835 hostium
1276 1768 1585 1833 audaciam
1611 1767 1985 1854 ingrediendi

165 1831 316 1879 “m'‘
441 1850 668 1918 flumen
704 1847 889 1926 fecit,
914 1848 1361 1943 transgressique
1393 1850 1455 1913 in
1486 1850 1667 1915 castra
1778 1868 1987 1916 rvene·

418 1948 603 2001 ’runt.
629 1930 830 1993 Imber
855 1929 993 1997 nive
1018 1929 1223 1993 mistus
1240 1977 1262 2007 ,
1288 1932 1354 1994 &
1377 1929 1669 1996 intoleran
1712 1952 1745 1994 a
1766 1930 1858 1995 vis
1884 1927 1988 1991 fri-

433 2010 606 2099 goris
622 2057 644 2087 ,
675 2016 737 2076 &
759 2009 1034 2076 homines
1053 2010 1277 2075 multos
1302 2058 1320 2087 ,
1341 2014 1403 2076 δι
1426 2011 1688 2095 jumenta
1708 2058 1729 2089 ‚
1764 2012 1831 2075 &
1856 2006 1987 2073 ele·
2034 2034 2042 2041 ·

439 2093 700 2180 phantos
750 2112 934 2177 prope
985 2111 1195 2156 omnes
1241 2090 1571 2175 absumpsit.
1628 2091 1787 2153 Finis
1835 2078 1987 2153 inse-

439 2170 676 2258 quendi
702 2169 888 2235 hostis
912 2172 1122 2235 Poenis
1148 2170 1369 2235 flumen
1391 2172 1606 2235 Trebia
1632 2168 1787 2235 fixit:
1812 2174 1878 2234 δε
1901 2171 1989 2233 ita

439 2266 543 2317 tor
585 2268 754 2317 entes
815 2252 914 2316 elu
935 2252 995 2315 in
1018 2251 1199 2316 castra
1218 2251 1445 2315 rediere
1463 2297 1484 2328 ‚
1512 2269 1583 2315 ut
1602 2251 1707 2314 vix
1725 2250 1989 2313 laetitiam

439 2276 708 2401 vieforiae
778 2334 1057 2397 entire‘nt.
1110 2336 1327 2416 Itaque
1381 2331 1559 2395 noae
1616 2328 1996 2416 insequenti,

442 2435 641 2499 quum
671 2413 998 2496 praefidium
1030 2416 1434 2476 Romanorum
1464 2411 1787 2476 castrorum
1805 2458 1830 2488 ,
1862 2420 1886 2463 3
1926 2412 1994 2473 δε

211 2548 237 2565 .
445 2493 644 2592 quod‘
655 2492 956 2579 reliquum
985 2512 1064 2558 ex
1097 2511 1308 2578 magna
1337 2510 1505 2579 parte
1537 2491 1801 2557 militum
1827 2506 1954 2557 erat
1968 2533 1995 2569 ,

447 2668 526 2707 tos
547 2667 599 2705 ut
616 2668 764 2719 prope
785 2655 888 2718 jam
914 2653 1084 2704 ruituri
1112 2655 1192 2704 vi·
1256 2657 1314 2703 Et
1344 2653 1475 2719 quod
1507 2654 1745 2719 reliquum
1778 2650 1995 2701 militum

446 2721 668 2771 <letentur
707 2722 758 2765 iu
791 2718 896 2767 suos
925 2751 940 2777 ,
981 2720 1017 2765 i.
1053 2734 1097 2766 e.
1140 2721 1192 2768 in
1257 2733 1389 2778 erat,
1411 2719 1581 2767 saltem
1602 2730 1777 2780 magna
1798 2730 1854 2763 ex
1878 2728 1993 2778 pat-

445 2790 637 2834 Poenos.
667 2788 774 2831 Vox
789 2781 1120 2848 consternatus,
1139 2797 1192 2833 ut
1257 2796 1303 2831 te
1323 2815 1338 2841 ,
1367 2782 1579 2846 plerique
1610 2778 1733 2829 certe
1751 2812 1770 2837 ,
1799 2780 1993 2839 trajice·

442 2851 549 2915 jam
607 2846 860 2911 aliquoties
912 2846 1190 2897 observavi·
1258 2858 1360 2895 rent
1387 2842 1563 2893 flumen
1590 2844 1835 2892 Trebiam.
1864 2843 1999 2893 Dicit

394 2912 401 2922 ’
446 2927 596 2969 mus3
628 2926 728 2961 non
771 2922 874 2960 tam
921 2911 1146 2978 pavidum
1172 2941 1190 2967 ,
1255 2910 1413 2957 Livius
1498 2906 1714 2973 lerosque
1765 2906 1997 2956 Trebiam

445 2974 596 3041 quam
629 2988 829 3024 urentem
840 2975 1050 3024 denotat.
1065 2977 1188 3022 Mox
1254 2975 1419 3035 trajeci
1462 2988 1487 3019 e
1502 3005 1519 3031 ,
1544 2987 1645 3021 non
1664 2986 1831 3020 omnes
1846 3006 1862 3031 ,
1881 2973 1997 3037 quin

448 3040 585 3107 legen
620 3055 702 3088 um
740 3038 926 3090 videtur
954 3072 971 3098 ,
1003 3036 1187 3101 adjesta
1251 3036 1415 3102 aliqua
1458 3051 1568 3101 pars
1606 3034 1821 3103 profesto
1861 3042 1996 3085 Sem-

446 3102 774 3173 ptaepolitione
795 3138 812 3163 ,
839 3100 1028 3151 &media
1046 3103 1161 3153 acie.
1250 3102 1476 3167 prouium
1496 3100 1560 3150 ad
1583 3102 1757 3153 urbem
1778 3104 2000 3155 Romam

513 3184 537 3228 3
595 3170 656 3216 Et
695 3166 820 3236 qnod
861 3164 1085 3234 reliquum
1126 3182 1189 3215 ex
1252 3167 1486 3219 comitata
1512 3162 1595 3218 est·

442 3246 617 3319 ‚magu
639 3242 775 3304 pam
809 3228 1013 3286 niseum
1049 3241 1148 3283 em
1156 3236 1193 3296 J
