2275 3842
573 215 648 288 L
697 235 733 287 1
779 216 826 286 i!
872 231 922 287 Ε
968 222 1024 287 R'
1123 209 1387 290 XXV.
1612 213 1773 316 383'

233 315 298 378 C
373 332 510 378 uam
546 313 894 379 viderentur
930 359 952 390 ‚
997 310 1169 394 quod
1210 311 1435 376 malum
1476 309 1768 378 diuturnae
1795 319 2028 392 metam

240 394 327 458 ob
371 392 565 458 dionis
591 389 703 462 este
731 392 878 456 solet
904 439 924 468 ,
959 391 1078 474 jam
1103 390 1325 455 famem
1343 394 1629 486 Campani
1644 398 1768 459 sen·
1792 381 2027 490 ²523?

235 475 471 538 tiebant
503 497 526 549 ς
567 473 710 567 quia
743 475 1066 536 sementem
1109 468 1307 535 facere
1339 471 1769 558 prohibuerant
1794 491 1959 550 inopia.

236 575 349 619 eos
378 558 622 618 Romam
649 554 974 617 exercitus.
1017 555 1235 638 Itaque
1273 552 1501 637 iegatos
1534 555 1609 617 a‘d
1638 561 1770 620 An-

237 634 502 698 nibalem
542 635 827 697 miserunt
864 637 1159 708 {orantes
1202 681 1221 708 ‚
1260 652 1329 697 ut
1364 679 1387 709 ‚
1432 633 1774 720 priusquam

239 715 518 778 consules
543 715 604 776 in
623 731 798 797 agros
818 715 953 777 suos
971 713 1297 776 educerent
1315 713 1621 798 legiones,
1639 717 1778 779 via·-

239 814 367 878 que
395 813 602 860 omnes
628 793 884 858 hostium
912 791 1183 878 praeiidiis
1204 793 1625 869 infiderentur‚
1656 793 1777 860 fru-

239 891 515 960 mentum
553 895 629 938 ex
654 873 1006 960 propinquis
1050 872 1201 936 locis
1236 874 1497 939 convehi
1543 875 1779 956 juberet

239 954 838 1040 Capuam-Annibal
877 962 1233 1017 Hannonem
1264 974 1341 1017 ex
1354 955 1604 1018 Bruttiis
1636 976 1780 1020 cum

240 1033 606 1099 exercituin
627 1034 1017 1119 Campaniam
1055 1034 1337 1110 transire,
1369 1039 1431 1099 δε
1456 1034 1593 1099 dare
1635 1057 1781 1119 ope-

243 1137 373 1181 ram
415 1162 440 1192 ,
498 1132 570 1178 ut
622 1114 908 1178 frumenti
955 1115 1129 1200 copia
1156 1114 1347 1178 -fieret
1392 1118 1713 1199 Campanis
1755 1162 1779 1194 ‚

243 1194 422 1280 juffit.
469 1199 684 1259 Hanno
707 1215 783 1258 ex
819 1195 1068 1258 Bruttiis
1086 1194 1392 1280 profeaus
1426 1215 1567 1260 cum
1602 1217 1777 1260 exer·
1810 1269 1823 1281 ⁶
1862 1215 2023 1262 nanno

244 1279 377 1340 citu
395 1322 417 1353 ‚
443 1275 804 1341 vitabundus
823 1275 1004 1339 castra
1020 1275 1323 1352 hostium,
1346 1277 1737 1363 consulesque
1754 1325 1774 1354 ,
1804 1285 1850 1314 '³'
1886 1273 2019 1340 9¹³¹·-

246 1355 356 1441 qui
401 1357 462 1418 in
505 1356 742 1421 Samnio
781 1373 950 1444 erant
987 1402 1009 1432 ‚
1040 1378 1232 1440 quum
1270 1362 1616 1420 Benevento
1656 1359 1775 1450 jam
1798 1340 2036 1428 ἕῖἶῗη.

247 1457 324 1520 ap
367 1457 433 1499 ro
477 1433 750 1522 inquaret
789 1483 810 1514 ,
843 1436 956 1500 tria
994 1435 1261 1521 paffuum
1300 1436 1483 1500 millia
1527 1440 1601 1501 ab
1652 1441 1772 1521 ipsa
1804 1442 1887 1509 ⁶³3¹·
1926 1456 2011 1486 ‘⁰‘-

253 1537 328 1580 ur
371 1537 404 1579 e
471 1537 589 1580 oco
621 1517 788 1580 edito
823 1515 1004 1579 castra
1046 1518 1263 1601 posuit.
1303 1516 1443 1580 inde
1480 1537 1554 1580 ex
1606 1519 1782 1582 sociis
1806 1509 1918 1549 'ms

249 1595 414 1660 circa
441 1618 520 1690 po
563 1596 678 1660 ulis
701 1645 719 1672 ‚
765 1597 894 1682 quo
919 1595 1106 1660 aestate
1142 1615 1584 1682 comportatum
1608 1615 1735 1660 erat
1759 1645 1781 1674 ,

247 1676 472 1743 devehi
571 1695 879 1742 amentum
922 1677 985 1740 in
1030 1677 1221 1741 castra
1257 1677 1413 1754 juffit
1448 1701 1468 1753 ς
1508 1677 1785 1764 praefidiis

249 1758 408 1821 datis
444 1805 464 1834 ,
523 1779 656 1851 quae
701 1775 1070 1822 commeatus
1116 1777 1223 1820 eos
1260 1760 1783 1842 prosequerentur.

251 1840 525 1922 Capuam
543 1837 684 1900 mde
701 1838 978 1900 nuntium
1001 1836 1156 1900 milit
1172 1881 1193 1913 ,
1236 1840 1355 1921 qua
1382 1838 1479 1900 die
1506 1839 1567 1900 in
1586 1837 1787 1902 castris

253 1916 330 1980 ad
352 1915 767 2008 accipiendum
787 1915 1156 1984 frumentum
1181 1916 1385 2000 praesto
1408 1915 1589 1982 essent
1606 1963 1627 1994 ,
1654 1942 1784 1982 om-

255 1997 319 2060 ni
364 1996 631 2082 undique
655 2015 872 2080 genere
911 1996 1333 2059 vehiculorum
1360 1995 1788 2076 jumentorum-

237 2115 250 2124 ·
301 2097 376 2140 ue
399 2097 476 2140 ex
502 2078 656 2160 agris
680 2075 1010 2140 conti-asto.
1060 2076 1132 2138 Id
1154 2122 1175 2151 ,
1222 2098 1331 2160 pro
1354 2093 1553 2139 cetera
1578 2081 1787 2141 socor-

299 2158 362 2220 ia‘
371 2156 890 2242 negligentiaque,
925 2157 961 2219 a
988 2156 1315 2239 Campanis
1350 2155 1565 2239 actum.
1604 2157 1791 2242 paulo

255 2237 392 2325 plus
445 2237 874 2324 quadringenta
907 2234 1209 2306 vehicula·
1236 2233 1393 2298 missa
1424 2283 1445 2312 ‚
1492 2239 1555 2300 δε
1599 2259 1790 2322 pauca

255 2325 536 2404 praeterea
582 2318 856 2382 'umenta.
894 2315 976 2380 ob
1010 2316 1073 2378 id
1099 2313 1391 2400 castigatis
1422 2317 1497 2380 ab
1538 2323 1789 2382 Hanno-

266 2418 386 2474 ne,
418 2399 547 2482 quo
623 2419 699 2462 ne
733 2399 918 2462 fames
955 2396 1245 2481 quidem,
1285 2417 1414 2482 quae
1454 2413 1647 2461 mutas
1683 2420 1790 2462 ac«-

257 2475 546 2541 cenderet
564 2478 774 2541 bestias
800 2525 821 2554 ,
855 2498 1060 2540 curam
1093 2493 1303 2540 eorum
1342 2475 1637 2542 stimulare
1660 2481 1791 2570 pos-

257 2559 346 2624 set
370 2604 391 2633 ,
430 2571 454 2604 ¹
493 2556 609 2620 alia
631 2556 866 2642 prodita
897 2557 1024 2621 dies
1063 2556 1140 2620 ad
1166 2556 1539 2620 frumentum*
1561 2579 1783 2639 majore

257 2655 541 2723 apparatu
603 2636 949 2722 petendum.
1010 2641 1090 2700 Ea
1152 2637 1402 2713 omnia,
1451 2635 1602 2702 ficut
1657 2640 1786 2705 aeta

148 2759 156 2764 -
259 2737 427 2782 erant
451 2765 472 2794 ‚
515 2737 703 2802 quum
757 2717 1071 2781 enunciata
1099 2718 1530 2780 Beneventanis
1556 2718 1738 2782 effent
1760 2765 1785 2796 ‚

259 2798 491 2882 legatos
507 2799 718 2863 decem
737 2797 1037 2882 extemplo
1057 2796 1130 2860 ad
1148 2796 1419 2860 consules
1446 2793 1648 2880 (circa
1673 2804 1789 2863 Bo·
1832 2862 1837 2866 ,

260 2880 506 2942 vianum
552 2879 732 2945 castra
783 2883 1188 2942 Romanorum
1226 2895 1393 2940 etant
1418 2879 1447 2956 )
1476 2880 1791 2948 miserunt.-

249 2958 398 3040 .Qui
418 2980 607 3042 quum
633 2959 851 3024 auditis
877 2980 1006 3048 quae
1030 2959 1104 3023 ad
1136 2961 1407 3045 Capuam
1431 2971 1747 3043 agerentur
1765 3009 1789 3040 ,

335 3080 360 3136 i
385 3085 514 3136 Alia
583 3088 712 3137 odiu
725 3088 864 3152 dies]
884 3095 996 3140 Me·-
1055 3091 1277 3156 longiore
1315 3051 1464 3138 uina.
1500 3092 1615 3142 vid.
1647 3091 1793 3160 'stupri

263 3149 356 3205 lius
370 3098 591 3220 prodibit.
625 3153 841 3202 verbum
863 3158 994 3202 enim
1055 3170 1161 3205 aot.
1192 3171 1240 3203 ι.
1274 3153 1449 3206 ad1111.
1485 3160 1563 3216 57.

263 3218 365 3271 hoc
411 3218 663 3284 proprium
705 3215 773 3270 est
816 3215 875 3268 de
915 3217 996 3267 die
1270 3263 1281 3270 .
1346 3243 1361 3270 ι
