2275 3842
436 230 593 306 232
940 208 1041 284 T.
1147 206 1548 285 L1v11

182 321 413 380 lte-536·
437 327 615 368 creato
647 349 667 379 ‚
714 303 779 367 in
800 309 898 386 sex
938 310 1142 386 menfi’s
1175 311 1364 370 datum
1401 307 1722 390 imperium.
1759 318 1788 352 ²
1831 313 1976 389 ,Qua
2059 321 2078 334 ·

183 382 410 428 ¹⁸0·²¹⁶·
436 389 795 448 immoderata
813 390 979 466 fors,
1012 407 1264 470 tempus,
1293 412 1358 450 ac
1391 389 1665 471 neceffitas
1685 390 1930 470 jecerint
1947 431 1972 458 ‚

433 469 514 527 iis
564 470 630 547 fi.-
684 470 897 528 modum
941 470 1332 551 impqfiturum.
1379 491 1506 530 nam
1559 489 1730 549 neque
1770 470 1971 544 senatu

435 567 766 629 quemquam
806 568 1076 610 moturum
1118 571 1181 610 ex
1217 552 1298 610 iis
1338 570 1472 629 quos
1513 556 1577 611 C.
1620 547 1967 618 Flaminius,

434 636 501 689 L.
546 627 814 688 AEmilius
850 631 1087 707 censores
1118 632 1180 689 in
1200 632 1454 708 senatum
1487 627 1732 709 legtffem
1756 649 1782 702 ,·
1807 645 1970 688 tran-

421 708 606 786 scribi
637 715 852 768 tantism
890 711 1232 790 recitarique
1266 730 1354 775 eos
1379 709 1644 789 juffiarum
1661 751 1682 778 ,
1710 730 1775 769 ne
1801 724 1974 790 penes

433 809 602 848 unum
644 791 910 848 hominem
940 791 1223 861 judicium
1264 791 1670 870 arbitriumque
1712 791 1776 848 de
1807 791 1974 868 flama

438 889 504 928 ac
539 869 778 928 moribus
798 871 1072 946 senatoris
1093 871 1282 949 fherit
1301 895 1321 930 .·
1346 870 1418 935 (θ’
1447 871 1532 930 ita
1563 871 1626 928 in
1661 871 1972 928 demortuo·-

436 969 561 1008 rum
608 946 786 1007 locum
814 948 1193 1026 subledlurum
1231 993 1253 1020 ‚
1299 968 1363 1010 ut
1405 951 1536 1008 ordo.
1579 951 1760 1008 ordini
1795 990 1816 1016 ,
1868 969 1975 1008 nem

435 1029 588 1088 homo
614 1029 823 1088 homini
842 1029 1105 1110 praelatus
1134 1032 1440 1091 videretur.
1473 1029 1744 1090 Recitato
1769 1043 1974 1089 vetere

438 1107 640 1170 senatu
672 1151 692 1181 ‚
718 1107 874 1170 ‘inde
907 1109 1130 1191 primos
1173 1108 1236 1171 in
1277 1107 1726 1171 demortuorum
1769 1105 1972 1168 locum

436 1183 621 1268 legit„
651 1199 668 1238 ³
704 1189 811 1270 qui
844 1189 971 1271 post
1005 1193 1068 1254 Ι..
1106 1188 1410 1251 AEmilium
1439 1191 1498 1251 δε
1525 1190 1602 1249 C.
1627 1186 1976 1252 Flaminium

436 1268 708 1328 censores
744 1267 1014 1331 curulem
1050 1269 1450 1351 magistratum
1487 1264 1805 1351 cepiss'ent‚
1837 1287 1978 1329 nec-

438 1345 583 1409 dum
608 1347 667 1408 in
694 1349 956 1411 senatum
982 1348 1119 1412 lecti
1147 1348 1327 1411 elsent
1345 1396 1366 1424 ,
1394 1365 1464 1410 ut
1491 1349 1741 1431 quisque
1767 1367 1982 1412 eorum

439 1425 663 1510 primus
698 1446 931 1490 creatus
972 1447 1095 1492 erat
1130 1450 1144 1489 :
1181 1447 1308 1491 turn
1353 1429 1407 1490 le
1451 1429 1497 1488 it
1525 1475 1544 1503 ,
1594 1427 1709 1509 qui·
1739 1425 1931 1491 aediles
1949 1473 1978 1504 ,

441 1505 667 1568 tribuni
702 1507 894 1590 plebei
929 1551 949 1580 ‚
996 1506 1408 1592 quaestoresv'e.
1447 1527 1699 1570 nerant:
1727 1525 1858 1572 tum
1898 1527 1980 1570 ex

440 1585 514 1649 iis
546 1587 651 1668 qui
692 1587 1055 1668 magistratus
1094 1608 1218 1650 non
1247 1586 1562 1670 cepissent,
1599 1599 1632 1640 4
1660 1587 1766 1669 qui
1795 1587 1976 1670 spolia

440 1685 515 1728 ex
552 1665 717 1728 hoste
755 1665 867 1728 fixa
904 1666 1067 1729 domi
1108 1667 1431 1742 haberent,
1456 1685 1558 1729 aut
1593 1666 1845 1730 civicam
1868 1688 1974 1731 co·

442 1765 647 1808 ronam
678 1744 1046 1828 accepiffent.
1094 1752 1185 1808 Ita
1211 1765 1451 1809 centum
1491 1747 1546 1808 se
1591 1749 1856 1840 tuaginta
1883 1750 1978 1810 se·-

442 1844 603 1910 ptem
648 1845 785 1888 cum
827 1826 1052 1908 ingenti
1093 1826 1514 1910 approbatione
1605 1847 1871 1891 ominum
1911 1829 1978 1892 in

440 1907 703 1968 senatum
730 1905 898 1980 lestis
924 1953 939 1977 ‚
966 1907 1268 1990 extemplo
1293 1907 1348 1969 se
1381 1929 1472 1970 ma
1518 1905 1715 1970 istratu
1744 1907 1978 1970 abdica·

442 1985 533 2048 vit
559 2033 579 2062 ,
665 1987 1005 2071 rivatusque
1043 1986 1117 2050 de
1153 1987 1368 2050 Rostris
1395 1987 1469 2050 de
1497 1985 1734 2058 cendit,
1763 1985 1981 2051 lietori-

440 2065 557 2128 bus
590 2086 620 2127 a
664 2066 748 2127 ire
780 2067 935 2147 juffis
960 2089 973 2130 :
998 2067 1304 2152 turbaeque
1343 2070 1397 2130 se
1432 2068 1752 2130 immiscuit
1784 2067 1977 2151 priva-

444 2161 534 2208 tas
578 2147 877 2228 agentium
919 2167 1010 2210 res
1030 2193 1050 2222 ‚
1077 2165 1311 2232 tempus
1354 2147 1473 2210 hoc
1509 2145 1714 2210 seduli>
1746 2165 1984 2226 terens,

445 2245 522 2300 ne
548 2225 881 2292 deducendi
910 2227 995 2289 sui
1022 2227 1194 2290 caussa
1219 2227 1511 2368 populum
1530 2226 1604 2289 de
1629 2226 1766 2289 foro
1794 2227 1986 2298 abda.-⁴

348 2339 351 2343 ·
446 2323 611 2368 teret
648 2329 661 2368 ε
707 2328 779 2370 ne
826 2327 901 2369 ue
945 2323 1139 2368 tamen
1181 2328 1212 2368 e
1241 2308 1444 2388 angui't
1485 2326 1626 2370 cura
1664 2306 1980 2372 hominum

446 2385 515 2448 eii
552 2385 716 2450 motii
734 2431 755 2462 ,
820 2388 1249 2471 requentesque
1274 2407 1412 2450 eum
1439 2383 1684 2450 domum
1710 2385 1977 2452 deduxe—

441 2483 605 2532 runt.

424 2619 431 2624 ‚
524 2547 737 2607 XXIV.
790 2543 1015 2608 Consul
1052 2547 1226 2609 noste
1264 2545 1593 2628 insequenti
1623 2544 1706 2610 ‘ad
1749 2545 1979 2610 exerci-

444 2641 573 2686 tum
601 2623 777 2684 rediit
804 2671 825 2697 ,
864 2645 980 2685 non
1009 2621 1167 2687 faCto
1194 2627 1448 2690 certiore
1475 2628 1674 2689 senatu
1697 2674 1717 2702 ,
1754 2647 1826 2690 ne
1864 2646 1978 2690 co-

444 2702 749 2765 mitiorum
794 2703 967 2765 causfi
1016 2704 1077 2766 in
1121 2705 1268 2768 urbe
1310 2707 1684 2770 retineretur.
1735 2705 1984 2770 Postero

444 2782 543 2846 die
573 2782 877 2847 consultus
911 2784 943 2847 31
974 2789 1132 2849 Man.
1177 2787 1510 2872 Pomponio
1540 2804 1786 2870 praetote
1817 2788 1978 2851 sena-

509 2956 536 2988 2
556 2941 684 3012 ,Qeae
712 2943 1003 2994 immoderata
1020 2952 1043 3008 ]
1059 2951 1183 3004 Qua
1314 2960 1332 3003 3
1365 2945 1472 3010 Qui
1489 2980 1501 2992 .
1521 2981 1534 2995 .
1549 2979 1564 2996 .
1599 2943 1828 3010 curulem]
1863 2946 1985 2998 vid.

444 3005 570 3055 ultra
612 3008 810 3058 modum
838 3045 857 3068 ‚
889 3010 1013 3059 ultra
1056 3026 1176 3073 prae-
1233 3023 1346 3057 not.
1375 3021 1392 3054 ι
1410 3023 1452 3057 1.
1475 3009 1710 3060 adxxn.
1731 3027 1812 3072 49.

442 3069 667 3135 scriptum
690 3073 847 3138 legum
870 3071 971 3123 fieri
994 3074 1178 3139 coegis-
1306 3090 1339 3131 4
1361 3073 1469 3142 Qi
1491 3073 1637 3141 spolia
1656 3092 1712 3122 ex
1735 3073 1850 3140 hoste
1871 3072 1986 3134 fixo

442 3133 542 3182 stnt
580 3134 713 3200 fors,
744 3153 925 3206 tempus
950 3171 981 3200 ι.
1010 3153 1067 3190 ac
1096 3153 1179 3192 ne.-
1243 3134 1636 3200 domihaberene]
1670 3139 1781 3192 vid.
1804 3153 1918 3190 not.
1929 3154 1984 3198 7.

438 3196 632 3250 temnas.
1242 3198 1308 3252 ad
1337 3200 1379 3250 1.
1405 3206 1472 3252 X.
1502 3217 1555 3252 c.
1579 3214 1634 3262 7.
