2275 3842
201 341 309 449 ug·-
322 353 430 397 ³40·
445 263 912 426 &detrfgeffmo
933 338 1034 404 die
1053 339 1189 424 post
1218 337 1417 406 fratris
1436 356 1689 406 mortem
1705 323 1743 418 ‚'
1772 338 1855 406 est
1897 340 1993 406 itt-⁴

195 410 244 448 ⁸·
323 413 412 446 ²¹²
422 420 762 486 ‘terfectus⁸
800 421 1114 485 ιαέὶηεοκ
1135 439 1333 485 morte
1359 441 1597 496 eorum,
1636 441 1758 484 non
1782 424 1991 488 Romae

454 501 883 586 major,qu3rn
900 522 1006 586 per
1037 519 1233 566 totam
1270 501 1392 567 His
1420 503 1611 566 aniam
1634 500 1769 566 fuit.
1818 501 1995 595 Quin

459 585 624 666 apud
646 583 810 646 cives
831 599 1056 666 partem
1078 579 1303 645 doloris
1325 628 1347 655 ‚
1374 527 1437 646 gc
1458 581 1756 645 exercitus
1775 581 1949 644 armffi
1974 628 2000 660 ,

467 667 534 727 &
557 663 807 726 alienata
833 663 1140 746 provincia
1161 709 1181 736 ‚
1221 665 1282 726 δε
1304 661 1543 744 publica
1564 662 1835 726 trahebat
1868 660 1995 724 cla—

462 743 590 807 des.
635 743 756 806 His
785 742 924 804 aniae
969 742 1129 826 ipsos
1155 741 1438 828 lugebant
1474 740 1995 828 desiderabantque

459 821 647 887 duces
669 845 686 886 t
773 843 960 886 naeum
983 839 1180 886 tamen
1200 823 1387 905 magis
1406 869 1427 899 ,
1457 845 1584 907 quo
1603 821 1827 886 diutius
1847 841 1997 906 prae-

391 906 394 919 '
463 901 662 968 fuerat
689 902 761 966 iis
786 948 805 977 ,
853 915 880 946 ²
921 902 1207 988 priorque
1242 905 1303 966 δε
1347 903 1615 968 favorem
1652 921 2000 987 occupave-

462 1002 558 1047 rat
579 1031 600 1060 ,
637 987 698 1048 δε
741 983 1034 1068 specimen
1057 982 1287 1065 justitiae
1312 981 1831 1070 temperantiaeque
1878 984 2001 1046 Ro·-

459 1083 640 1127 manae
671 1063 896 1147 primus
927 1061 1195 1128 dederat.

239 1145 443 1214 Ρ-Μᾱ·
557 1143 856 1206 xxxvn‘.
895 1147 1113 1236 Quum
1158 1141 1392 1207 deletus
1429 1141 1731 1206 exercitus
1766 1135 2005 1208 amiss‘oe·

211 1216 392 1316 ζ’ᾗξᾶᾞ
443 1243 588 1308 -que
611 1221 900 1310 Hispaniae
916 1223 1263 1288 viderentur
1282 1267 1300 1300 ,
1332 1223 1426 1287 vir
1445 1242 1600 1286 unus
1625 1241 1717 1286 res
1740 1221 2005 1315 perditas

210 1314 402 1370 nstin-ic.
467 1303 738 1368 restituit.
775 1305 914 1366 Erat
960 1303 1022 1366 in
1052 1303 1319 1367 exercitu
1346 1307 1412 1367 L.
1453 1303 1716 1366 Marcius
1747 1302 2001 1387 Septrmi

466 1383 622 1448 filius
651 1431 668 1460 ,
710 1387 912 1476 Eques
936 1385 1273 1454 Romanus,
1303 1382 1551 1526 ἰωρίἐῗιξ
1566 1383 1796 1466 juvenis
1827 1429 1848 1458 ,
1884 1381 2006 1446 ani·

466 1463 672 1550 mique
701 1467 766 1528 δε
789 1463 1012 1546 mgenii
1039 1463 1342 1548 aliquanto
1364 1483 1445 1546 qu
1577 1484 1685 1548 pro
1712 1463 1956 1526 fortuna
1980 1508 2007 1539 ,

467 1542 532 1606 in
556 1565 676 1628 qua
717 1561 842 1606 erat
867 1560 1081 1619 natuS,
1115 1543 1371 1625 majoris,
1397 1544 1472 1606 ad
1506 1544 1785 1607 summam
1822 1542 2006 1605 indo-

467 1623 588 1687 l'em
633 1619 948 1686 accefferat
991 1627 1110 1686 Cn.
1157 1621 1453 1714 Scipionis
1492 1622 1796 1708 disciplina
1830 1667 1851 1699 ,
1892 1619 2009 1686 sub

493 1711 586 1765 'ua
607 1722 710 1785 per
733 1718 826 1763 tot
851 1720 1034 1764 annos
1061 1720 1269 1764 omnes
1298 1699 1521 1764 miiitiae
1556 1721 1710 1766 artes
1751 1699 2005 1766 edoctus

497 1798 678 1845 uerat.
715 1781 838 1843 Hic
881 1783 944 1844 δι
977 1797 1051 1862 ex
1089 1777 1231 1873 fuga
1269 1779 1537 1844 collectis
1565 1781 1892 1858 militibus,
1934 1785 2002 1846 &

467 1860 818 1949 quibusdam
860 1859 936 1923 de
974 1859 1245 1944 praefidxis
1283 1859 1557 1937 deducti}
1581 1908 1601 1938 ,
1640 1860 1801 1925 haud
1850 1879 2004 1924 con·

467 1939 854 2004 temnendum
908 1942 1242 2004 exercitum
1284 1937 1511 2004 fecerat
1542 1987 1563 2017 ,
1596 1939 1999 2024 iunxeratque

466 2029 608 2085 cum
641 2023 710 2084 T.
754 2017 1006 2083 Fonteio
1044 2021 1110 2084 P.
1154 2017 1445 2102 Scipionis
1478 2019 1696 2103 legato.
1733 2019 1851 2082 Sed
1869 2039 2013 2084 tan-

468 2097 598 2164 nim
623 2097 884 2184 praestitit
917 2103 1114 2184 Eques
1133 2103 1429 2166 Romanus
1468 2113 1489 2146 ¹
1534 2101 1882 2164 auctoritate
1904 2101 2005 2162 in·

469 2198 562 2244 ter
589 2181 804 2244 milites
831 2199 1011 2264 atque
1032 2177 1264 2243 honore
1290 2228 1309 2257 ,
1348 2198 1416 2246 ut
1439 2179 1637 2244 castris
1682 2181 1831 2244 citra
1862 2181 2004 2244 Ibe-
2027 2215 2040 2224 ·

471 2281 608 2326 rum
663 2260 1044 2325 communitis
1074 2306 1097 2337 ‚
1142 2281 1330 2343 quum
1386 2260 1601 2324 ducem
1634 2261 2017 2326 exercituum

472 2340 732 2406 comitiis
753 2338 1106 2404 militaribus
1134 2340 1323 2404 creari
1360 2337 1665 2428 placuisset
1691 2388 1712 2417 ,
1755 2341 2011 2406 subeun-

475 2438 568 2485 tes
607 2419 706 2484 alii
749 2417 876 2484 aliis
922 2421 985 2483 in
1020 2419 1345 2484 custodiam
1391 2421 1530 2486 valli
1574 2421 2015 2508 stationesque,

469 2501 665 2565 donec
680 2521 784 2585 per
802 2521 1008 2566 omnes
1047 2499 1390 2584 fuffragium
1420 2501 1572 2574 iret,
1618 2501 1691 2564 ad
1734 2507 1801 2566 L.
1839 2508 2013 2565 Mar-³

475 2581 639 2644 cium
659 2581 857 2645 cunCti
891 2584 1171 2648 summam
1192 2581 1425 2665 imperii
1462 2580 1805 2646 detulerint.
1851 2585 2010 2647 Orn-

472 2680 550 2724 ne
572 2660 708 2724 inde
733 2678 968 2743 tempus
1007 2661 1339 2744 (exiguum
1366 2661 1427 2725 id
1452 2657 1614 2740 fuit)
1662 2662 2013 2726 muniendis

473 2740 670 2806 eastris
690 2791 712 2820 ,
731 2739 1250 2826 convehendisque
1275 2741 1705 2808 commeatibus
1728 2744 2012 2807 consum·

537 2934 566 2968 κ
609 2920 736 2968 Prior
752 2957 766 2972 .
787 2953 802 2968 .
860 2933 1049 2968 avarem
1073 2935 1201 2968 occu-
1265 2932 1377 2968 cum
1402 2917 1607 2984 imperio
1624 2921 1675 2968 R
1692 2919 1898 2968 exercitu
1920 2931 2009 2969 ve·

468 2993 694 3054 paverat,
722 2989 786 3037 &³
825 2985 1021 3050 pec-lmen
1040 3017 1053 3031 .
1071 3016 1084 3029 .
1100 2985 1201 3050 pri·
1266 2985 1339 3032 nit
1367 2987 1456 3032 Cn.
1487 2987 1657 3050 Scipio.
1957 3024 1971 3030 ,

471 3065 576 3097 nus
592 3044 816 3108 dederat]
859 3047 985 3097 Prior
1004 3044 1204 3096 refertur
1338 3059 1358 3094 1
1386 3045 1686 3098 Aubloritaeu
1702 3050 1815 3095 inm
1833 3043 2011 3094 militet

474 3112 539 3161 ad
566 3109 760 3159 fratrem
783 3112 986 3178 3pn’mus
1009 3110 1070 3158 ad
1097 3126 1205 3159 om·
1267 3123 1407 3179 atque
1424 3110 1619 3174 honori]
1654 3109 1795 3161 Fami
1812 3144 1832 3170 ,
1860 3109 2023 3160 vene-¹

473 3191 572 3226 nes.
613 3178 794 3225 Primus
828 3178 954 3223 enim
985 3177 1205 3226 omnium
1270 3179 1454 3226 tatione
1470 3210 1488 3236 ,
1516 3177 1733 3239 honore,
1763 3191 1820 3228 ac
1850 3175 2017 3242 pretio

477 3244 813 3294 Romanorum
843 3241 896 3290 iu
924 3240 1207 3308 Hispaniam
1268 3237 1395 3308 apud
1417 3237 1617 3296 milites.
