2275 3842
479 219 637 298 240
966 193 1059 268 T.
1149 194 1215 278 L
1263 221 1308 280 1,
1345 219 1478 270 v-1
1526 221 1561 269 1

225 303 369 354 um
388 307 455 354 36·
478 294 731 360 scendit.
756 298 1015 358 Decreta
1032 293 1608 376 Carthaginiensium
1632 296 1694 360 δι
1719 292 2018 361 Affiruba·

228 361 457 412 ‘’⁰⁶²¹“
486 375 557 437 lis
584 377 695 439 iter
720 375 821 439 ubi
854 375 927 438 ad
953 379 1247 437 Romanos
1289 375 1421 437 sunt
1456 374 1717 464 perlata,
1739 374 2018 438 omnibus

484 457 703 519 omissus
736 457 912 518 rebus
932 502 951 528 ‚
981 454 1155 517 ambo
1195 452 1379 518 duces
1405 501 1424 529 ,
1454 455 1668 535 junctis
1703 455 1893 540 copiis
1929 453 2018 516 ire

254 535 463 602 ,fam-„pes
486 535 731 599 obviam
764 535 989 618 coeptis
1026 549 1205 618 atque
1240 533 1508 597 obsistere
1541 552 1785 619 parant3
1814 533 1954 608 rati,
1975 531 2018 594 fi

228 591 467 696 :zsssfflm
488 614 812 691 Annibali,
851 615 949 676 vix
979 635 1082 698 per
1120 617 1177 676 se
1209 613 1310 697 ipfi
1347 614 1655 677 tolerando
1691 614 1868 677 unia:
1903 613 2022 676 ho-

485 695 555 758 sti
580 743 599 770 ‚
629 694 915 759 Asdrubal
945 695 1066 756 dux
1094 711 1276 779 atque
1304 695 1690 777 Hispanienfis
1717 694 2018 758 exercitus

487 775 628 838 esset
648 776 885 856 junctus
904 821 922 848 ,
946 774 1112 836 illum
1136 776 1382 838 Romani
1407 775 1583 838 finem
1607 775 1838 859 imperii
1863 773 2016 838 fore.

484 856 598 918 His
622 856 777 918 anxii
804 856 963 918 curis
978 901 998 930 ,
1014 854 1095 917 ad
1122 855 1362 918 Iberum
1387 855 1751 918 contrahunt
1779 852 2015 941 copiasz

485 937 548 997 δε
594 934 832 998 tranfito
876 955 1041 998 amne
1082 980 1104 1010 ,
1155 956 1342 1017 quum
1389 933 1494 997 diu
1541 933 1956 998 consultassent
1991 979 2016 1010 ‚

484 1015 687 1078 utrum
713 1014 900 1077 castra
937 1013 1133 1077 castris
1171 1013 1570 1092 conferrent,
1617 1035 1688 1078 an
1733 1014 1867 1077 satis
1905 1014 2017 1077 ha-

478 1094 693 1158 berent
714 1143 733 1173 ,
761 1095 933 1158 sociis
970 1093 1539 1178 Carthaginienfium
1567 1093 2016 1180 oppugnandis,

480 1177 698 1238 morari
741 1176 812 1238 ab
848 1175 1058 1238 itinere
1094 1173 1396 1258 proposito,
1429 1174 1656 1238 hostem
1678 1219 1700 1252 ,
1730 1174 1939 1240 urbem
1977 1175 2014 1238 ὲ

526 1257 820 1339 ropinquo
856 1254 1099 1319 flumine
1144 1255 1375 1318 lberam
1415 1255 1759 1350 appellatam
1796 1302 1815 1332 ,
1861 1276 2018 1338 opu-

506 1335 845 1398 entiffimam
872 1335 940 1398 ea
975 1334 1312 1418 tempestate
1346 1335 1604 1417 regionis
1635 1335 1795 1412 ejuS,
1824 1356 2016 1420 oppu-

480 1433 661 1498 gnare
698 1434 919 1500 parant.
968 1414 1134 1498 quod
1181 1414 1284 1478 ubi
1329 1414 1493 1477 senfit
1532 1413 1863 1491 Asdrubal,
1898 1437 2014 1498 pro

480 1517 598 1577 ope
635 1494 871 1558 ferenda
912 1495 1120 1568 sociis„
1148 1494 1339 1577 pergit
1369 1496 1489 1578 ipse
1527 1496 1611 1558 ire
1647 1495 1720 1557 ad
1760 1495 2010 1574 urbem,

480 1573 740 1638 deditam
777 1595 964 1660 nuper
998 1575 1058 1636 in
1097 1573 1274 1636 fidem
1321 1577 1720 1638 Romanorum
1755 1622 1774 1652 ,
1811 1597 2012 1660 oppu-

478 1653 786 1738 gnandam.
811 1655 891 1716 ita
913 1655 1027 1734 jam
1050 1671 1258 1736 coepta
1293 1652 1519 1716 obfidio
1552 1653 1750 1718 omiffa
1785 1655 1855 1716 ab
1891 1659 2011 1718 Ro-

472 1734 664 1878 lmanis
686 1733 805 1810 est,
834 1737 897 1798 δε
926 1734 986 1796 in
1011 1733 1201 1816 ipsum
1226 1732 1611 1798 Asdrubalem
1633 1737 1865 1799 versum
1887 1735 2015 1799 bel-
2055 1747 2066 1754 ⁴

500 1837 622 1879 um.
1199 1834 1208 1838 ·

559 1899 814 1957 XXIX.
861 1893 1154 1978 Quinque
1191 1892 1442 1958 millium
1478 1893 1786 1958 intervallo
1829 1894 2014 1960 castra

480 1973 745 2038 distantia
778 1973 1037 2038 habuere
1064 1995 1288 2058 paucos
1309 1973 1433 2038 dies
1460 1996 1476 2038 ε
1499 1995 1611 2038 nec
1635 1973 1749 2037 fine
1777 1975 2010 2040 levibus

236 2117 255 2130 ,
292 2063 451 2128 ragna-
483 2053 732 2138 praeliis‚
759 2075 871 2118 nec
910 2075 978 2117 ut
1008 2057 1067 2116 in
1106 2055 1293 2117 aciem
1329 2055 1577 2118 exirent.
1619 2054 1854 2118 tandem
1884 2077 2012 2119 uno

226 2123 813 2232 ffozffgkodemque
854 2135 949 2196 die
995 2133 1164 2218 vel—nt
1209 2154 1282 2196 ex
1329 2134 1672 2218 compofito‘
1705 2135 2009 2220 utrimque

134 2249 141 2254 -
234 2233 451 2282 Asdruba—
476 2214 702 2297 fignum
740 2232 946 2296 pugnae
980 2236 1086 2296 pro
1130 2209 1341 2276 ofitum
1369 2212 1450 2275 est
1471 2260 1490 2289 ,
1515 2233 1693 2298 atque
1729 2215 2010 2278 omnibus

212 2286 328 2341 jeu.
476 2295 665 2380 copiis
690 2294 749 2356 in
770 2315 1049 2376 campum
1120 2293 1415 2356 escensum
1440 2292 1538 2357 est.
1573 2304 1594 2336 ¹
1638 2294 1876 2378 Triplex
1901 2295 2011 2359 ste·

475 2375 551 2438 tit
576 2380 833 2438 Romana
867 2371 1316 2436 acies.-ve1itum
1349 2393 1479 2455 pars
1507 2372 1661 2436 inter
1683 2375 2010 2456 antefigna-

476 2475 586 2519 nos
625 2455 817 2518 locata
848 2500 867 2529 ,
912 2473 1043 2538 pars
1081 2450 1210 2536 post
1246 2451 1285 2512 fi
1329 2472 1400 2514 na
1433 2471 1674 2538 accepta
1713 2476 1730 2517 t
1767 2454 2004 2537 equites

475 2555 697 2600 cornua
734 2535 993 2596 cinxere.
1031 2531 1301 2594 Asdruba
1357 2531 1610 2596 mediam
1645 2534 1834 2597 aciem
1867 2535 2005 2597 His-

476 2615 641 2697 panis
673 2613 862 2706 firmat
885 2635 901 2675 ε
928 2613 989 2676 in
1027 2611 1311 2677 cornibus
1329 2658 1352 2689 ,
1384 2611 1596 2676 dextro
1639 2618 1870 2678 Poenos
1911 2613 2006 2678 lo-

542 2817 562 2850 x
604 2802 793 2870 Triplex
825 2804 959 2870 stetit
999 2809 1208 2858 Romana
1271 2805 1568 2872 defignantur
1601 2807 1785 2858 Hastati
1811 2842 1828 2869 ,
1861 2823 2006 2875 atque

475 2867 635 2927 acies]
666 2873 887 2918 Romana
904 2874 1025 2918 acies
1044 2875 1095 2919 in
1112 2875 1207 2920 tria
1269 2873 1414 2920 etiam
1473 2869 1668 2922 fortasse
1713 2869 1964 2938 'Principes
1984 2891 1999 2922 ε

474 2929 535 2978 de
555 2947 686 2979 more
705 2948 908 2996 corpora
932 2933 1081 2982 divisa
1108 2935 1202 2994 est,
1267 2937 1443 2998 partim
1477 2938 1528 2984 in
1552 2936 1776 2986 ultimam
1807 2941 1958 2986 aciem
1981 2969 2007 2998 ‚

476 2993 698 3043 Hastatos
714 3029 732 3053 ‚
762 2999 997 3060 Principes
1016 3030 1037 3060 2
1065 3002 1205 3046 Tria·
1271 3014 1326 3048 ac
1347 2998 1469 3064 pone
1488 3003 1701 3050 Triarios
1729 3003 1900 3062 reieffi.
1931 3006 2008 3051 De

476 3061 590 3106 rios.
634 3061 765 3111 Levis
790 3074 1043 3108 armaturae
1072 3061 1206 3111 mili·
1271 3061 1596 3128 Antefignanis
1617 3065 1716 3114 vid.
1745 3080 1849 3116 not.
1873 3081 1917 3122 3.
1943 3065 2010 3114 ad

474 3135 543 3172 tes
571 3129 743 3187 partim
775 3123 920 3173 locati
952 3125 1055 3174 sunt
1087 3129 1207 3176 inter
1270 3131 1337 3176 11.
1375 3143 1454 3177 20.
1490 3131 1540 3179 ὅ(
1568 3143 1676 3185 not.
1705 3145 1750 3191 3.
1780 3129 1842 3181 ad
1866 3134 2006 3182 vm.

472 3185 811 3255 Amefignanos
823 3224 842 3252 ‚
876 3205 973 3256 quo
1010 3195 1208 3245 nomine
1274 3205 1292 3242 ι
1307 3205 1353 3243 1.

1863 3271 2010 3336 cat,
