2275 3842
387 246 586 339 ⁸104·
921 233 1018 312 Τ.
1102 232 1633 315 'Lrvrr·'

163 338 400 413 'at-m
423 335 668 417 spoliare
716 332 1056 418 cupientem
1102 334 1313 397 Triarii
1355 333 1601 419 objectis
1644 334 1823 400 scutis
1864 348 1965 401 ara·

170 396 404 505 ''ssbfftssi
426 412 632 483 cuere.¹
661 419 885 498 Magnae
911 413 1093 498 partis
1118 410 1265 496 fuga
1294 414 1431 479 inde
1457 414 1711 502 primum
1742 418 1965 501 coepit.

77 564 90 577 ,
173 506 370 562 Romani.
429 495 630 577 &jam
659 515 771 559 nec.
795 495 957 557 lacus
975 540 998 569 ,
1033 513 1147 556 nec
1179 512 1411 559 montes
1446 495 1749 559 obstabant
1781 518 1967 581 pavo-

429 576 484 639 ri
522 596 542 637 ε
586 595 692 659 per
734 574 928 637 omni-a
965 573 1122 636 areta
1167 593 1570 659 praeruptaque
1611 575 1782 639 velut
1823 574 1967 640 eaeei

433 654 735 720 evadunt:
755 672 1032 737 armaque
1057 656 1120 715 δε
1145 654 1258 717 viri
1286 657 1457 750 super
1482 656 1664 719 alium
1694 656 1793 718 alii
1820 676 1969 738 prae-

433 735 778 817 cipitantur.
831 738 976 799 Pars
999 753 1091 795 ma
1135 754 1207 795 na
1226 780 1247 811 ,
1271 734 1377 799 ubi
1400 735 1571 799 locus
1596 734 1751 820 fugae
1770 732 1930 799 deest
1946 778 1973 811 ,

433 836 542 899 per
577 812 964 903 *primahvada
1051 751 1238 877 affidis
1280 814 1340 877 in
1388 836 1601 898 aquam
1652 815 1970 899 progressi,

482 893 640 965 uoad
680 892 974 976 capitibus
1162 894 1393 978 erisque
1432 894 1652 959 exstare
1696 891 1934 979 possunt
1950 941 1973 970 ,

433 1040 436 1047 ,
463 974 556 1039 ese
587 974 967 1057 immergunt.
1006 978 1188 1036 Fuere
1214 995 1369 1057 quos
1399 974 1766 1042 inconsultus
1791 994 1977 1058 pavor

434 1054 636 1118 nando
681 1054 861 1137 etjam
907 1064 980 1117 ca?
1018 1052 1197 1116 effere
1238 1052 1441 1136 fugam
1482 1053 1802 1137 impulerit.
1882 1074 1973 1118 uae

434 1135 544 1211 ubi
570 1134 847 1209 immensa
871 1154 939 1195 ac
986 1153 1086 1207 ine
1110 1137 1210 1217 spe
1234 1152 1361 1196 erat
1382 1181 1401 1207 ,
1428 1152 1534 1197 aut
1558 1076 1975 1207 deficientibus
2040 1196 2044 1200 .

435 1214 652 1279 animis
687 1212 1109 1277 hauriebantur
1149 1212 1492 1296 gurgitibus
1522 1259 1545 1289 ‚
1586 1231 1691 1276 aut
1719 1214 1981 1297 nequic-

440 1315 622 1378 quam
669 1292 791 1355 feffi
837 1291 988 1365 vada
1040 1309 1202 1356 retro
1248 1292 1549 1376 egerrime
1595 1292 1940 1377 repetebant
1956 1340 1983 1372 ,

441 1392 627 1457 atque
655 1372 739 1437 ibi
768 1373 841 1435 ab
870 1368 1127 1458 ingressis
1156 1394 1370 1457 aquam
1392 1372 1648 1437 hostium
1671 1373 1981 1457 equitibus

445 1452 648 1539 paffim
683 1451 1149 1516 trucidabantur.
1205 1459 1323 1515 Sex
1366 1452 1549 1515 millia
1584 1453 1771 1516 ferme
1808 1453 1987 1537 primi

451 1531 703 1616 agminis
727 1552 830 1617 per
859 1530 1133 1596 adversos
1163 1530 1357 1595 hostes
1388 1531 1705 1617 eruptione
1734 1531 1985 1617 impigre

455 1610 614 1676 fastai
637 1658 656 1685 ‚
690 1610 876 1695 ignari
909 1610 1177 1675 omnium
1212 1631 1343 1694 quae
1368 1610 1502 1704 post
1537 1613 1595 1675 se
1628 1630 1985 1697 agerentur,

456 1712 534 1755 ex
569 1690 714 1754 saltu
745 1692 1014 1754 evasere:
1040 1693 1107 1755 δε
1146 1711 1337 1774 quum·
1365 1711 1426 1754 m
1456 1692 1689 1761 tumulo
1721 1690 1985 1775 quodam

458 1770 845 1837 constitissent
869 1818 888 1845 ‚
916 1770 1235 1835 clamorem
1262 1769 1446 1835 modo
1473 1793 1540 1835 ac
1566 1774 1773 1837 sonum
1797 1792 1993 1835 armo·

457 1872 601 1929 rum
635 1851 941 1915 audientes
963 1897 985 1925 ‚
1011 1871 1143 1934 quae
1168 1848 1410 1915 fortuna
1434 1869 1642 1936 pugnae
1674 1850 1815 1915 esset
1831 1898 1850 1927 ,
1877 1871 1993 1915 nec

462 1932 614 1997 scire
645 1978 665 2007 ,
718 1950 830 1993 nec
880 1931 1207 2015 perspicere
1248 1952 1361 2017 prae
1400 1931 1649 2017 caligine
1690 1949 1993 2015 poterant.

464 2009 762 2077 Inclinat&
794 2010 1054 2094 denique
1098 2032 1160 2073 re
1183 2056 1203 2085 ,
1277 2032 1421 2075 uum
1462 2010 1849 2076 incalescente
1874 2012 1999 2075 sole
2018 2012 2064 2025 “
2124 2006 2143 2024 “

467 2090 719 2175 dispulsa
748 2091 964 2155 nebula
1007 2090 1208 2176 aperui
1256 2109 1317 2154 et
1356 2090 1513 2155 diem
1537 2138 1557 2168 ‚
1600 2110 1731 2155 tum
1764 2091 1997 2176 liquida

469 2172 589 2257 jam
625 2170 761 2235 luce
799 2190 1032 2235 montes
1069 2190 1201 2233 cam
1243 2171 1261 2233 i
1310 2192 1389 2234 ue
1424 2171 1680 2254 perditas
1725 2192 1821 2234 res
1862 2172 1997 2233 stra·

473 2270 717 2336 tamque
751 2250 1055 2315 ostendere
1087 2250 1181 2313 foe
1224 2248 1258 2314 ὲ
1340 2270 1609 2313 omanam
1640 2250 1849 2313 aciem.
1888 2251 2003 2313 ita·

473 2353 598 2417 que
658 2352 732 2395 ne
790 2331 849 2393 in
908 2332 1256 2413 conspectos
1312 2328 1523 2414 procul
1580 2330 2006 2395 immitteretur

475 2431 665 2495 eques
682 2459 703 2488 ‚
729 2409 969 2475 sublatis
991 2412 1209 2495 raptim
1224 2409 1395 2491 signis
1418 2455 1439 2485 ,
1464 2409 1646 2493 quam
1669 2407 2006 2474 citatiffimo

475 2509 755 2579 poterant
779 2491 1007 2575 agmine
1029 2502 1052 2565 ,'
1074 2492 1189 2555 sese
1210 2490 1613 2573 abripuerunt.
1637 2490 1883 2555 Postero
1907 2490 2007 2556 die

526 2592 668 2635 uum
688 2618 708 2647 ,
739 2572 908 2655 super
932 2586 1130 2634 cetera
1156 2616 1178 2647 ‚
1210 2587 1473 2634 extrema
1499 2569 1684 2635 fames
1708 2572 1886 2635 etiam
1910 2572 2009 2635 in-

531 2668 694 2726 aret‚
720 2649 898 2712 fidem
934 2650 1110 2713 dante
1145 2649 1483 2716 Maharbale
1512 2697 1531 2726 ,
1564 2654 1670 2735 qui
1703 2671 1842 2715 cum
1872 2672 2008 2713 om.-

477 2730 661 2797 nibus
680 2728 1047 2815 equestribus
1066 2728 1256 2817 copiis
1279 2730 1452 2802 noste
1472 2732 1826 2793 consecutus
1844 2744 2011 2805 erat,

461 2809 527 2877 'fi
558 2832 715 2873 arma
750 2808 1114 2875 tradidissent
1150 2856 1172 2884 ,
1212 2809 1375 2872 abire
1406 2830 1545 2872 cum
1568 2806 1809 2890 singulis
1835 2806 2008 2871 vesti-

482 2890 701 2955 mentis
735 2888 1024 2976 paffurum
1048 2939 1064 2964 ,
1094 2888 1209 2954 sese
1232 2886 1605 2949 dediderunt.
1628 2907 1758 2971 quae
1782 2885 2015 2950 Punici

375 2969 380 2977 “
486 2968 776 3064 religione
811 2973 1032 3034 servata
1067 2964 1215 3029 fides
1242 2964 1652 3056 ‘ab-Annibale
1684 2966 1805 3045 est,
1828 2984 2014 3059 atque

487 3051 552 3114 in
575 3051 815 3118 vmcula
837 3066 1043 3115 omnes
1064 3055 1087 3097 ³
1115 3061 1397 3127 conjecit.

559 3242 582 3289 ³
617 3224 816 3289 Coniect't
841 3229 864 3287 ]
893 3224 1000 3309 {Qec
1029 3191 1165 3291 peju's
1194 3237 1297 3277 etat
1313 3258 1333 3291 ,
1367 3222 1581 3289 εοηὶεᾶἰ.
