2275 3842
671 122 686 157 s

521 232 568 287 Ἀ
631 225 780 299 Lx
831 247 878 299 n
931 246 980 299 E
1031 250 1084 301 n
1192 214 1487 301 XXII.
1659 233 1810 329 167

271 322 368 390 vit
389 319 646 402 frontem
669 321 927 416 primum
947 369 968 401 ‚
997 322 1211 387 deinde
1250 325 1497 389 nitendo
1531 327 1708 393 etiam
1734 330 1807 391 {i-
1832 345 2059 415 med-352·

275 424 420 467 num
442 403 502 465 in
528 402 726 466 medio
749 404 915 468 dedit
931 452 952 480 ,
983 402 1119 466 Afri
1149 405 1308 467 circa
1336 404 1451 487 jam
1476 428 1699 473 cornua
1724 410 1817 473 fe-·
1830 420 2062 468 a.C.216.

275 502 479 546 cerant
501 528 521 558 ,
549 484 1025 569 irruentibusque
1050 485 1289 549 incaute
1314 486 1374 548 in
1402 484 1812 554 medium‘Ro-

273 563 460 626 manis
479 608 498 637 ,
519 564 970 629 'circumdedere
994 565 1147 627 alas:
1168 586 1307 628 mox
1341 587 1566 631 cornua
1607 588 1813 633 exten-

179 650 192 658 “
277 641 514 717 dendo,
538 643 793 708 clausere
835 649 901 708 δε
941 646 1014 708 ab
1054 663 1226 728 tergo
1260 646 1471 712 hostes.
1507 647 1665 711 Hinc
1701 654 1814 713 Ro·

277 724 433 785 mani
458 723 722 787 defuneti
749 725 1149 809 nequicquam
1175 726 1373 810 praelio
1399 748 1522 790 uno
1541 777 1562 805 ,
1596 730 1817 795 omiffis

281 803 470 865 Gallis
499 806 771 889 Hispanis
803 825 879 868 ue
905 852 925 881 ,
1003 826 1221 869 uorum
1246 824 1411 889 terga
1439 809 1779 873 ceciderant
1792 848 1826 887 ‚-

280 894 314 935 ⁴
351 884 531 947 etiam
571 884 776 948 advers
822 905 850 947 s
890 891 943 947 A
976 906 1073 948 ros
1103 885 1394 968 integram
1434 909 1694 970 pugnam
1732 891 1817 952 in-

276 982 426 1041 eunt
453 1010 472 1039 ,
513 984 635 1027 non
671 964 901 1028 tantum
935 985 1012 1027 eo
1048 965 1311 1048 iniquam
1334 1012 1355 1041 ,
1398 967 1568 1051 quod
1610 969 1818 1033 inclusi

279 1043 562 1109 adversus
610 1044 1002 1108 circumfusos
1037 1091 1057 1120 ‚
1108 1044 1207 1107 sed
1254 1045 1431 1123 etiam
1472 1046 1643 1131 quod
1688 1049 1818 1113 feffi

278 1142 422 1188 cum
449 1125 788 1189 recentibus
811 1147 879 1188 ac
903 1124 1134 1207 vegetis
1160 1124 1516 1209 pugnabant.

358 1208 631 1269 XLVIII.
677 1218 699 1249 ¹
744 1212 875 1272 Jam
911 1208 972 1268 &
1012 1206 1072 1267 in
1109 1200 1329 1268 finistro
1368 1220 1554 1269 cornu
1599 1209 1823 1272 Roma-

283 1284 377 1348 nis
399 1332 419 1361 ,
452 1285 556 1349 ubi
599 1285 894 1349 sociorum
936 1284 1173 1369 equites
1214 1285 1495 1350 adversus
1531 1289 1826 1353 Numidas

285 1364 602 1442 steterant,
633 1366 972 1442 consertum
1012 1364 1273 1449 praelium
1310 1384 1437 1428 erat
1460 1387 1475 1427 t
1501 1368 1673 1451 segne
1695 1370 1828 1452 *pri-

283 1444 428 1521 mb,
457 1449 520 1509 δε
561 1445 594 1507 a
632 1446 859 1509 Punica
898 1461 1175 1529 coepturn
1215 1444 1443 1509 fraude.
1484 1449 1829 1531 Quingenti

285 1524 472 1589 ferme
524 1527 795 1589 Numidae
831 1570 851 1598 ‚
883 1542 1112 1667 ¹praetex·
1157 1524 1303 1607 justa
1348 1547 1503 1589 arma
1549 1527 1827 1613 telaque,

285 1605 518 1689 gladios
563 1605 840 1669 occultos
907 1605 989 1669 ub
1031 1604 1235 1668 loricis
1270 1605 1557 1669 habentes
1578 1656 1597 1685 ,
1632 1610 1827 1693 specie

283 1685 720 1768 transfugarum
749 1707 936 1770 quum
961 1684 1033 1748 ab
1060 1686 1176 1748 suis
1202 1732 1222 1759 ‚
1252 1708 1476 1771 parmas
1504 1688 1629 1771 post
1655 1706 1745 1751 ter
1788 1712 1825 1754 a.

283 1766 569 1829 habentes
592 1812 610 1841 ‚
639 1763 1063 1849 adequitaffent
1091 1790 1110 1839 ;
1140 1766 1380 1849 repente
1413 1786 1486 1828 ex
1518 1769 1689 1850 equis
1759 1791 1824 1833 e-

283 1845 510 1922 filiunt,
531 1847 860 1929 parmisque
883 1849 948 1909 &
974 1845 1182 1926 jaculis
1206 1864 1340 1907 ante
1364 1846 1543 1930 pedes
1564 1848 1823 1913 hostium

185 1986 192 1989 .
273 1926 562 2011 'projestis
584 1972 602 1999 ,
642 1929 703 1989 in
733 1925 985 1989 mediam
1011 1925 1199 1987 aciem
1225 1925 1454 2005 accepti
1480 1971 1498 2000 ‚
1532 1927 1822 2013 duCtique

286 2008 363 2069 ad
391 2008 635 2069 ultimos
659 2053 678 2080 ,
711 2003 1009 2069 confidere
1038 2004 1111 2067 ab
1146 2023 1318 2088 tergo
1347 2005 1649 2085 jubentur.
1687 2015 1825 2087 Ac,

285 2086 431 2150 dum
458 2087 719 2170 praelium
746 2086 819 2148 ab
846 2085 1009 2148 omni
1036 2101 1199 2169 parte
1226 2078 1555 2147 conseritur
1573 2133 1593 2162 ,
1627 2090 1823 2171 quieti

287 2169 645 2231 manserunt.
683 2166 989 2251 postquam
1024 2165 1291 2228 omnium
1325 2165 1550 2228 animos
1587 2167 1823 2231 oculos-

288 2268 410 2341 que
435 2264 832 2331 occupaverat
855 2263 1154 2308 certamen
1176 2272 1196 2321 3
1217 2262 1347 2308 tum
1367 2292 1388 2322 ‚
1420 2248 1667 2328 arreptis
1692 2250 1823 2311 scus
1920 2270 1929 2276 ·

286 2344 367 2390 tis
401 2372 421 2402 ,
466 2348 597 2411 quae
630 2327 825 2410 paffim
866 2326 1022 2389 inter
1061 2345 1307 2391 acervos
1346 2327 1650 2389 coesorum
1687 2348 1823 2393 cor·
1920 2352 1925 2358 ·

289 2429 504 2493 porum
527 2407 697 2470 strata
722 2423 921 2482 erant,
950 2407 1209 2470 aversam
1236 2404 1583 2470 adoriuntur
1610 2409 1821 2472 Roma-

291 2508 430 2551 nam
462 2486 647 2551 aciem
679 2535 700 2564 ,
741 2505 1024 2581 tergaque
1066 2483 1349 2549 ferientes
1383 2532 1404 2562 ‚
1452 2506 1520 2549 ac
1560 2487 1821 2571 poplites

290 2567 581 2631 caedentes
602 2615 623 2644 ‚
653 2567 900 2651 stragem
930 2584 1270 2649 ingentem,
1300 2588 1367 2629 ac
1401 2566 1680 2647 majorem
1721 2568 1823 2631 ali.

339 2667 520 2711 uanto
545 2669 824 2733 pavorem
846 2667 914 2710 ac
939 2645 1262 2710 tumultum
1288 2645 1575 2711 fecerunt.
1603 2651 1821 2728 Quum

291 2670 433 2792 {libi
460 2747 649 2791 terror
674 2748 742 2792 ac
766 2728 908 2810 fuga
927 2773 947 2804 ,
982 2725 1120 2790 alibi
1149 2726 1412 2807 pertinax
1437 2728 1498 2788 in
1524 2728 1675 2790 mala
1698 2728 1817 2810 jam

291 2809 390 2893 spe
424 2808 686 2894 praelium
717 2807 857 2873 effet
893 2835 914 2886 ς
959 2819 990 2852 ²
1030 2804 1366 2883 Asdrubal,
1403 2806 1510 2892 qui
1544 2806 1614 2870 ea
1652 2827 1821 2894 parte

353 2984 390 3031 4
417 2969 574 3018 Etiam
588 2968 819 3019 adversas
833 2967 1020 3035 Afros]
1085 2968 1357 3018 consertum
1409 2967 1623 3032 praelium
1680 2980 1801 3019 erat.

295 3034 490 3095 Melius,
504 3032 841 3093 {amadversn‘os
850 3033 1023 3101 Asi-os.
1154 3048 1181 3079 2
1209 3030 1490 3099 Asdrubal,
1548 3033 1594 3081 ui
1614 3032 1672 3081 εἰ
1689 3046 1824 3100 parte
1909 3032 1913 3037 ’

359 3112 379 3145 r
403 3100 519 3149 Iam
540 3104 606 3153 φ’
626 3101 676 3145 in
693 3096 866 3161 finiflro
891 3114 1023 3145 cornu
1083 3105 1309 3163 praeerat]
1360 3104 1472 3146 Haec
1602 3112 1707 3163 quae
1746 3101 1816 3147 se-

291 3163 552 3224 Romaem's]
582 3166 692 3212 Jam
718 3164 950 3213 Romanis
968 3164 1021 3209 δε
1121 3175 1295 3209 uuntut
1344 3164 1546 3210 omnino
1596 3168 1821 3227 corrupta¹

286 3227 342 3276 in
360 3227 654 3297 suo-quoque
670 3224 853 3279 sinistro
869 3240 1021 3278 cornu
1109 3238 1194 3276 unt
1211 3258 1231 3287 ‚
1257 3226 1308 3275 δε
1336 3241 1429 3291 pro
1453 3224 1711 3289 deploratis
1734 3230 1823 3277 ha·
