2275 3842
431 215 538 310 32'
896 207 992 286 T.
1081 209 1149 285 L
1202 237 1233 286 1
1282 234 1335 286 v
1386 238 1417 286 1
1467 236 1501 286 1
1820 299 1825 308 ‚

173 324 409 380 v.c.534.
435 305 774 393 Galliasque
799 305 1009 373 itinere
1041 308 1271 372 Italiam
1296 325 1528 392 peteret
1550 352 1570 385 ,
1610 313 1767 376 nuda
1794 331 1823 374 a
1868 313 1971 375 et2

175 383 411 431 “2²¹⁸-
439 406 619 473 taque
640 388 917 451 Romanis
967 387 1171 461 Africa
1196 389 1268 452 ab
1311 390 1509 453 Sicilia
1552 389 1691 455 esset
1712 437 1737 468 ,
1766 413 1838 470 va
1860 391 1967 455 ido

435 467 696 552 praefidio
725 469 951 532 firmare
974 464 1039 532 δε
1066 489 1195 548 eam
1230 469 1444 534 statuit.
1488 475 1606 534 Pro
1628 491 1716 534 eo
1736 470 1971 555 supple-

311 603 320 608 .
423 567 709 616 ,mentum
737 549 856 634 ipse
877 568 949 610 ex
972 547 1180 612 Africa
1202 597 1221 626 ,
1263 548 1513 615 maxime
1534 549 1972 629 iaculatorum··,‘

431 629 659 693 levium
703 627 874 692 armis
911 674 932 703 ‚
971 629 1147 712 petiit
1189 655 1206 704 ;
1247 648 1317 708 ut
1359 627 1492 693 Afri
1537 631 1599 694 in
1635 630 1963 713 Hispania,

433 709 679 793 Hispani
703 709 761 770 in
791 706 996 771 Africa
1019 755 1039 783 ‚
1067 709 1277 774 melior
1310 709 1519 794 procul
1547 710 1619 773 ab
1661 710 1843 774 domo
1870 709 1971 772 fu-

367 865 370 874 ,
435 806 610 853 turus
637 805 771 852 uter
816 809 892 853 ue
929 787 1096 852 miles
1120 836 1139 865 ,
1174 790 1343 854 ve'lut
1371 791 1595 854 mutuis
1618 790 1969 874 pignoribus

435 869 736 952 obligati,
801 868 1058 953 ,ipendia
1103 869 1391 942 facercnu
1418 869 1732 935 Tredecim
1777 868 1963 933 millia

437 947 818 1044 octingentos
868 949 1130 1034 quinqua
1176 951 1295 1014 inta
1354 949 1583 1033 pedites
1643 963 1669 992 ²
1709 966 1971 1013 cetratos

437 1026 595 1094 mifit
615 1049 676 1091 in
709 1027 1009 1105 Africam,
1036 1034 1097 1093 δι
1152 1030 1456 1094 unditores
1490 1028 1757 1094 'Baleares
1783 1029 1983 1094 ostiu*

439 1127 656 1193 gentos
696 1109 1061 1194 septuaginta
1097 1132 1112 1172 ε
1156 1111 1388 1196 equites
1426 1110 1647 1174 mixtos
1671 1129 1746 1173 ex
1770 1108 1977 1174 multis

441 1190 726 1273 gentibus
773 1189 932 1252 mille
984 1190 1299 1255 ducentos,
1354 1194 1477 1252 Has
1523 1191 1724 1274 copias
1762 1189 1977 1273 partim

439 1269 795 1352 CarthagIni
836 1268 1094 1352 praefidio
1137 1268 1251 1334 esse
1268 1317 1289 1346 ,
1332 1271 1543 1354 partim
1572 1269 1839 1334 distribui
1869 1290 1976 1353 per

361 1359 373 1371 ⁸
440 1349 713 1413 Africam
736 1349 924 1427 jubet.
964 1348 1131 1414 simul
1178 1349 1679 1432 conquisitoribus
1716 1350 1781 1412 in
1817 1350 1973 1412 civi-

443 1447 598 1492 tates
623 1428 795 1495 miffis
813 1475 833 1504 ,
879 1447 1138 1512 quatuor
1168 1429 1350 1492 millia
1384 1429 1713 1512 conscripta
1737 1427 1975 1491 delestae
2056 1477 2063 1482 .

439 1508 770 1590 iuventutis
793 1555 813 1583 ,
840 1508 1161 1590 praesidium
1184 1507 1421 1572 eosdem
1456 1512 1517 1573 δε
1544 1507 1803 1584 obfides,
1828 1507 1971 1572 duci
1993 1585 1999 1592 .

369 1655 380 1663 ,
445 1588 872 1672 Carthaginem
900 1587 1092 1669 jubet.
1304 1649 1310 1654 .

528 1673 715 1732 XXII.
756 1673 972 1752 Neq‘ue
1006 1667 1345 1752 Hispaniam
1367 1666 1523 1745 negli
1566 1665 1777 1732 endam
1794 1686 1976 1745 ratu&

446 1749 484 1826 (
506 1759 528 1792 ¹
563 1767 743 1833 atque
769 1747 906 1811 ideo
927 1748 1087 1813 haud
1104 1748 1299 1814 minus
1316 1796 1337 1825 ‚
1370 1733 1497 1833 qui>
1557 1746 1717 1811 haud
1740 1748 1979 1832 ignarus

170 1891 178 1901 ,
447 1847 576 1890 erat
602 1875 622 1904 ,
657 1829 1028 1892 circumitam
1071 1829 1145 1892 ab
1190 1830 1471 1894 Romanis
1506 1848 1635 1892 eam
1672 1825 1729 1890 le
1772 1828 1883 1894 atis
1902 1827 1977 1892 ad

240 1915 249 1922 “
349 1969 359 1984 x
449 1907 854 1973 sollicitandos
874 1909 1209 1994 principum
1230 1910 1498 1987 animos)
1530 1906 1723 1972 Asdru
1764 1908 1836 1972 ali
1862 1907 1978 1972 fra-

429 1989 532 2051 ·tri
557 2038 574 2066 ,
608 1991 740 2054 viro
793 1989 1048 2074 impigro
1074 2037 1093 2064 ,
1139 2010 1269 2054 eam
1294 1988 1659 2076 provinciam
1684 1987 1931 2052 destinat
1954 2035 1978 2066 ,
2028 1998 2034 2004 ‘

448 2067 766 2156 firmatque
810 2091 948 2134 eum
980 2069 1202 2134 Africis
1238 2069 1490 2134 maxime
1526 2067 1795 2153 praefidiis
1814 2115 1832 2144 ,
1866 2090 1979 2155 pe·-

448 2149 647 2212 ditum
685 2149 974 2214 Afrorum
1014 2150 1295 2215 undecim
1336 2147 1596 2215 millibus
1619 2148 1974 2232 ostingentis

449 2230 886 2314 quinquaginta
923 2277 944 2307 ,
983 2231 1300 2312 Liguribus
1338 2229 1621 2292 trecentis
1660 2275 1679 2298 ‚
1728 2228 1985 2292 Baleari·

454 2307 572 2374 bus
599 2310 957 2395 quingentis,
983 2311 1060 2386 ad
1073 2311 1200 2374 haec
1226 2309 1498 2392 peditum
1518 2304 1733 2372 auxilia
1749 2351 1773 2383 ,
1794 2307 1985 2370 additi

452 2391 690 2476 equites
710 2391 1175 2476 Libyphoenices
1194 2389 1481 2467 (mixtum
1498 2384 1797 2451 Punicum
1818 2386 1984 2452 Afris

454 2490 647 2553 genus
680 2474 706 2550 )
747 2493 954 2538 cccci.
999 2497 1019 2547 3
1057 2468 1328 2536 Numidae
1371 2515 1399 2545 ,
1425 2466 1738 2552 Maurique
1765 2467 1989 2532 accolae

455 2555 693 2614 Oceani
719 2552 790 2615 ad
831 2573 1050 2619 mucce
1078 2577 1099 2627 3
1133 2555 1197 2615 δι
1220 2571 1395 2635 parva
1426 2548 1749 2630 Ilergetum
1776 2570 1985 2612 manus

381 2654 386 2670 ¹
457 2650 530 2694 ex
574 2631 842 2715 Hispania
873 2680 892 2706 ‚
937 2632 1185 2696 ducenti
1226 2630 1460 2713 equites
1490 2653 1509 2692 ε
1554 2631 1617 2692 &
1640 2675 1662 2706 ‚
1700 2649 1774 2694 ne
1814 2627 2031 2712 quod·.

455 2710 742 2782 terrestris
762 2704 1215 2775 de²effevauxilii
1251 2728 1479 2793 genus,
1519 2707 1815 2789 elephanti
1880 2728 1983 2770 ua-

456 2791 812 2856 tuordecirn.
843 2791 1027 2855 classis
1050 2809 1327 2876 praeterea
1344 2789 1477 2851 data
1494 2786 1576 2848 est
1600 2785 1675 2847 ad
1700 2803 1845 2848 tuen
1888 2805 1984 2849 am

369 2900 374 2906 ·
456 2871 810 2934 maritimam
840 2894 1003 2937 oram
1030 2898 1048 2934 ε
1089 2868 1280 2954 (quia
1302 2915 1320 2942 ‚
1362 2864 1480 2952 qua
1505 2882 1667 2949 parte
1703 2863 1849 2927 belli
1886 2867 1983 2930 vi-

459 2969 663 3014 cerant
680 2996 700 3027 ,
729 2953 796 3014 ea
824 2971 954 3017 tum
979 2967 1223 3035 quoque
1242 2969 1367 3013 rem
1390 2943 1656 3029 gesturos
1682 2945 1987 3012 Romanos

528 3097 554 3129 2
617 3085 823 3130 Cenares
851 3088 873 3142 ]
933 3085 1005 3130 De
1061 3095 1189 3132 cetra
1314 3092 1333 3126 ι
1360 3082 1525 3144 Atque
1540 3074 1642 3124 ideo
1655 3072 1781 3122 haud
1795 3075 1983 3140 minas]

461 3145 558 3198 tid.
588 3160 690 3196 not.
726 3159 774 3194 2.
801 3145 865 3196 ad
896 3144 932 3194 1.
963 3150 1191 3200 xxvm.
1254 3139 1467 3192 Delenda
1503 3138 1568 3190 est
1602 3137 1775 3188 vocula
1812 3137 1941 3190 baud
1966 3173 1985 3202 ,

461 3209 503 3268 ἡ.
540 3225 583 3270 5..
862 3271 868 3274 ‚
1257 3221 1360 3276 que
1386 3205 1564 3256 sensum
1591 3206 1869 3269 corrumpit.
1930 3251 1939 3260 ,
