2275 3842
683 224 827 300 L-1
871 246 914 298 Β
962 248 1006 300 ιι
1058 247 1104 298 ιι
1205 214 1431 298 XXI.
1711 227 1817 320 ¹719

249 321 397 398 bus.
419 321 852 408 Duodeviginti
872 323 1058 387 millia
1080 322 1330 386 Romani
1353 336 1523 385 erant
1540 367 1563 397 ,
1585 317 1815 387 socium
1845 327 2088 400 uam:

253 404 639 490 nominisque
694 404 886 468 Latini
937 404 1154 489 viginti
1202 432 1223 481 3
1266 402 1485 467 auxilia
1542 423 1823 487 praeterea
1842 384 2089 436 “cm'‘

254 487 754 550 Cenomanorum
771 507 787 549 z
804 506 872 548 ea
896 485 1016 549 sola
1039 487 1101 546 in
1130 483 1246 548 fide
1275 485 1563 548 manserat
1590 485 1822 550 Gallica

309 587 434 630 ens.
461 566 558 630 his
588 567 781 653 copiis
810 568 1167 630 concursum
1205 566 1307 630 est.
1350 563 1623 628 Praelium
1653 566 1686 628 a
1713 571 1827 630 Ba·-

286 648 524 712 caribus
561 666 764 713 ortum
805 648 887 724 est
911 695 930 721 ‚
957 647 1183 732 quibus
1222 668 1413 730 quum
1456 645 1678 727 majore
1723 668 1823 711 ro-

255 725 414 791 bore
438 729 506 791 -le
553 728 720 794 iones
757 727 1096 798 obsisterent
1117 775 1137 804 ,
1162 725 1432 792 dedustae
1469 729 1723 811 propere
1760 728 1828 793 in

259 829 494 872 cornua
555 830 695 878 eves
736 828 1040 872 armaturae
1081 812 1216 872 sunt
1240 832 1255 872 ε
1280 828 1411 891 quae
1444 828 1537 870 res
1584 807 1823 887 effecit,

263 908 340 954 ut
357 891 660 973 equitatus
681 894 980 954 Romanus
1001 889 1303 972 extemplo
1324 909 1397 951 ur
1440 907 1658 955 eretur.
1685 909 1826 956 nam

261 992 460 1055 quum
497 971 599 1034 vix
633 971 750 1054 jam
787 992 892 1055 per
927 974 984 1034 se
1022 970 1346 1035 refisterent
1376 975 1385 980 ’
1434 990 1601 1033 ecem
1645 970 1823 1034 milli-

258 1051 382 1117 bus
424 1051 699 1136 equitum
725 1069 988 1136 quatuor
1018 1048 1245 1126 millia,
1279 1054 1342 1114 δι
1368 1049 1493 1115 feffi
1520 1049 1823 1135 plerisque

258 1131 517 1216 integris
543 1177 560 1203 ,
589 1133 790 1197 obruti
818 1135 953 1196 sunt
981 1133 1108 1195 insu
1152 1153 1217 1194 er
1253 1130 1426 1195 velut
1462 1131 1623 1194 nube
1663 1130 1823 1194 'acu-

255 1210 463 1278 lorum
491 1211 524 1277 a
552 1213 893 1278 Balearibus
921 1155 1209 1292 conjeefla.
1242 1211 1316 1274 ad
1356 1210 1476 1273 hoc
1514 1210 1647 1294 elep
1692 1209 1826 1276 anti

259 1295 597 1358 eminentes
630 1295 706 1357 ab
739 1295 1021 1358 extremis
1053 1292 1338 1356 domibus
1381 1290 1602 1375 (equis
1640 1291 1821 1354 maxi·-

259 1375 362 1439 me
390 1396 510 1438 non
534 1375 664 1440 visu
689 1375 874 1438 modo
891 1422 910 1449 ,
933 1374 1034 1438 sed
1057 1372 1246 1437 odore
1275 1371 1518 1435 insolito
1546 1370 1821 1452 territis)

260 1455 474 1537 fugam
505 1455 625 1540 late
659 1454 974 1520 faciebant.
1011 1453 1303 1518 Pedestria
1327 1471 1525 1538 pugna
1552 1473 1655 1536 par
1683 1453 1821 1516 ani-

263 1538 382 1600 mis
417 1537 603 1621 magis
681 1537 820 1600 uam
859 1535 1092 1600 viribus
1130 1551 1257 1598 erat
1285 1578 1305 1607 ‚
1349 1554 1498 1618 quas
1546 1550 1823 1598 recentes

260 1621 505 1681 Poenus
542 1559 721 1701 pauqo
756 1615 893 1682 ante
929 1614 1151 1679 curatis
1186 1635 1265 1677 co
1381 1613 1545 1676 ribus
1578 1613 1637 1676 in
1677 1634 1823 1697 prat-

263 1697 418 1761 lium
445 1697 722 1762 attulerat
742 1718 758 1759 ε
776 1697 987 1761 contra
1011 1743 1030 1772 ‚
1059 1695 1255 1778 jejuna
1306 1691 1541 1778 effaque
1566 1712 1826 1778 corpora

269 1779 554 1843 Romanis
595 1782 660 1842 &
701 1775 949 1861 rigentia
991 1776 1132 1860 gelu
1178 1793 1275 1838 tor
1316 1775 1510 1840 ebant.
1558 1773 1823 1838 Restitis-

273 1860 406 1922 sent
439 1876 634 1922 tamen
672 1857 920 1931 animis,
943 1855 983 1919 fi
1020 1877 1159 1920 cum
1192 1876 1265 1940 pe
1310 1857 1395 1919 ite
1430 1851 1619 1917 folum
1655 1854 1825 1919 foret

317 1957 623 2022 ugnatum.
651 1938 767 2002 Sed
793 1942 858 2004 δε
881 1937 1155 2001 Baleares
1176 1936 1347 2020 pulso
1370 1935 1577 2020 equite
1598 1933 1827 2016 jacula«

323 2037 499 2082 antur
531 2021 594 2084 in
630 2017 849 2094 latera,
873 2021 936 2083 δε
975 2016 1278 2102 elephanti
1315 2018 1429 2095 jam
1468 2015 1529 2078 in
1564 2015 1825 2082 mediam

277 2099 547 2186 peditum
586 2101 774 2166 aciem
813 2101 928 2162 sese
970 2099 1351 2162 tulerantt&
1386 2102 1567 2178 Mago
1605 2095 1829 2165 Numi-,

277 2183 523 2264 daeque‚
550 2180 726 2246 simul·
760 2180 1011 2244 latebras
1053 2199 1263 2243 eorum
1306 2174 1641 2272 improvida
1683 2196 1827 2260 prae-
1863 2217 1875 2227 ι

281 2263 490 2326 terlata
519 2262 676 2326 acies
702 2261 784 2326 est
803 2309 820 2336 ‚
859 2260 1056 2324 exorti
1081 2259 1157 2327 ab
1178 2261 1361 2342 *tergo
1391 2273 1699 2341 mgentem
1722 2275 1831 2331 tuq

279 2342 538 2409 multum
560 2353 631 2408 ac
657 2361 947 2407 terrorem
969 2339 1191 2404 fecere.

362 2428 521 2487 LVI.
551 2425 782 2490 'Tamen
823 2422 884 2486 in
919 2440 1016 2486 tot
1054 2416 1573 2486 circumstantibus
1614 2416 1837 2494 malis}

288 2502 494 2570 manfit
542 2503 908 2592 aliquamdiu
960 2503 1212 2566 immota
1256 2500 1415 2564 acies
1445 2521 1465 2570 ς
1496 2511 1517 2542 ¹
1566 2496 1831 2562 maxim&

283 2603 489 2671 praeter
514 2583 670 2671 spem
708 2585 976 2648 omnium
1000 2579 1280 2647 adversus
1310 2577 1679 2664 elephantos.
1716 2598 1830 2642 eos

279 2666 531 2740 velites,
557 2665 646 2730 ad
676 2666 742 2730 id
779 2665 967 2748 ipsum
1006 2662 1190 2728 locati
1216 2711 1235 2740 ,
1269 2661 1499 2726 verutis
1536 2658 1841 2738 conjettis·

280 2751 346 2811 &
384 2747 648 2814 avertere
669 2794 688 2823 ‚
716 2750 779 2811 δι
819 2746 1069 2810 insecuti
1107 2744 1383 2819 aversos,
1424 2740 1529 2804 sub
1572 2739 1778 2806 caudis
1800 2787 1831 2819 ,

329 2827 404 2892 ua
429 2827 681 2894 maxime
704 2825 872 2895 molli
899 2844 1039 2892 cute
1061 2822 1309 2892 vulnera
1332 2821 1635 2906 accipiunt
1661 2867 1683 2898 ‚
1718 2820 1827 2885 fo-

323 2908 542 2974 iebant.
582 2922 609 2957 ²
650 2907 1038 2994 Trepidantes
1075 2923 1383 2992 propeque
1424 2903 1541 2986 jam
1576 2901 1640 2965 in
1683 2903 1845 2967 suos-

199 2022 216 2030 a

335 3069 358 3102 ι
383 3053 598 3104 Maxim?
613 3067 772 3122 pram
781 3051 906 3120 spem
923 3069 1026 3102 om·
1084 3052 1233 3102 etiam
1272 3047 1495 3101 adversus
1546 3048 1845 3114 elephantos-

281 3122 412 3170 nium
452 3118 682 3170 adventis
717 3116 1019 3186 elephantos]
1085 3115 1385 3184 aliquamdiu
1416 3113 1637 3164 restitere.

285 3189 346 3232 ln
373 3199 471 3248 quo
513 3183 564 3232 id
606 3182 815 3233 maxime
854 3198 1023 3248 praetet
1153 3197 1180 3229 2
1205 3181 1541 3248 Trepidatum]
1568 3177 1835 3242 Trepidan-

281 3249 415 3315 [γε-ιιι
437 3251 658 3299 omnium
678 3249 870 3312 accidit,
892 3247 1024 3315 quod
1087 3263 1156 3304 tes
1170 3247 1451 3371 elephantg
1466 3279 1483 3304 ,
1496 3246 1647 3318 ⁸5³²
1664 3237 1874 3294 effeta-¹-
