2275 3842
1725 109 1756 124 -

588 199 665 276 L·
698 220 727 276 1
770 219 819 274 Β
860 214 909 272 Β
954 222 1005 277 n
1104 197 1432 278 XXIV.
1612 207 1770 301 287

224 302 363 377 nit,
400 315 471 364 ut
493 346 511 374 ‚
555 319 743 382 quum
786 300 1085 362 Romanos
1131 298 1332 360 Sicilia
1372 297 1719 382 expulissent
1744 350 1764 379 ,
1795 313 2025 386 u‚c,537'‚·

234 380 339 455 (id
372 398 571 444 autem
608 377 775 441 brevi
809 373 939 439 fore
971 421 991 452 ,
1030 376 1071 438 si
1103 397 1282 442 naves
1319 395 1500 471 atque
1539 384 1765 445 exerci·
1789 390 2024 440 a.C.215.

228 461 369 525 tum‘
399 457 709 533 misissent)
740 459 995 528 ‚Himera
1032 457 1220 521 amnis
1249 503 1269 533 ,
1313 480 1418 541 qui
1454 460 1638 524 ferme
1675 463 1766 526 in-

226 540 413 604 sulam
436 537 653 604 dividit
676 584 695 613 ‚
726 535 859 600 finis
888 558 947 599 re
992 538 1050 598 ni
1082 541 1424 619 Syracusani
1450 560 1518 601 ac
1553 543 1766 607 Punici

228 619 463 704 imperii
494 615 655 682 effer.
697 617 894 680 Aliam
974 617 1147 680 einde
1185 664 1207 693 ,
1250 617 1485 684 inflatus
1523 620 1766 686 aflenta-

230 700 499 762 tionibus
523 717 731 761 eorum
752 696 859 792 qui
885 716 1023 761 eum
1050 717 1173 760 non
1194 697 1474 761 Hieronis
1502 700 1731 764 tantum
1744 749 1766 780 ‚

232 779 337 844 sed
380 791 409 822 ²
448 777 664 862 Pyrrhi
705 794 884 839 etiam
930 777 1119 859 regiS,
1147 780 1395 841 materni
1432 781 1566 856 avi,
1597 781 1771 862 jube-

232 860 381 923 bant
404 855 723 922 meminiffe
742 903 759 932 ,
792 857 845 922 le
891 857 1154 920 ationem
1181 856 1330 920 mifit
1347 905 1368 934 ,
1390 859 1508 942 quii
1533 881 1771 944 aequum

242 936 521 1003 censebat
569 937 770 1001 Sicilia
837 937 922 998 1bi
960 937 1122 1000 omni
1155 935 1328 1000 cedi:
1379 939 1556 1002 Italiae
1585 943 1774 1025 impe·

234 1021 393 1084 rium
479 1019 743 1112 ropriurn
786 1017 967 1101 quaeri
1014 1017 1482 1101 Carthaginiensi
1525 1023 1772 1114 populo.

237 1104 411 1163 Hanc
473 1113 756 1163 evitatem
788 1117 856 1159 ac
894 1107 917 1150 ³
957 1099 1333 1180 jactationem
1371 1100 1548 1163 animi
1578 1122 1776 1186 neque

239 1179 612 1244 mirabantur·
645 1178 705 1241 in
746 1177 959 1258 juvene
1001 1175 1228 1241 furioso
1259 1221 1284 1253 .
1329 1198 1524 1264 neque
1564 1199 1778 1264 argue-

237 1259 383 1324 bant
402 1305 423 1336 ,
458 1257 786 1324 dummodo
811 1275 1146 1322 averterent
1172 1278 1309 1321 eum
1337 1259 1410 1322 ab
1438 1263 1738 1326 Romanis,

292 1339 461 1402 'v11.
484 1351 507 1383 ¹
538 1337 657 1402 Sed
680 1337 877 1402 omnia
901 1338 961 1401 in
985 1357 1061 1401 eo
1085 1337 1406 1422 praecipitia
1429 1339 1501 1402 ad
1527 1340 1778 1406 exitium

241 1418 505 1484 fuerunt.
534 1438 669 1482 nam
696 1439 885 1502 quum
911 1463 930 1492 ‚
962 1418 1252 1502 praemiffis
1287 1418 1651 1504 Hippocrate
1688 1423 1780 1484 atss

239 1516 361 1583 que
386 1499 647 1586 Epicyde
668 1543 687 1575 ,
723 1519 861 1561 cum
889 1497 1046 1560 binis
1081 1497 1342 1560 millibus
1370 1518 1731 1564 armatorum
1754 1545 1778 1578 ‚

240 1579 317 1642 ad
351 1579 657 1642 tentandas
695 1579 873 1668 urbes
894 1623 913 1654 ,
947 1599 1077 1661 quae
1104 1577 1382 1672 praefidiis
1426 1579 1784 1645 tenebantur

239 1659 521 1723 Romanis
536 1707 557 1736 ,
587 1658 793 1742 &ipse
819 1677 881 1719 m
906 1662 1231 1720 Leontinos
1261 1679 1399 1720 cum
1427 1677 1628 1723 cetero
1654 1682 1784 1723 om-

240 1739 305 1803 ni
344 1740 613 1803 exercitu
640 1740 859 1816 (erant
894 1755 1093 1801 autem
1124 1738 1199 1801 ad
1228 1739 1572 1822 quindecim
1601 1740 1784 1806 millia

240 1819 511 1905 peditum
541 1819 977 1910 equitumque)
1018 1817 1325 1900 profestus
1357 1817 1539 1891 effet3
1572 1833 1602 1863 ²
1634 1819 1785 1883 libe·

242 1919 337 1966 ras
373 1900 523 1964 aedes
566 1897 859 1979 conjurati
898 1900 971 1978 (³
1014 1901 1075 1960 δε
1112 1917 1322 1960 omnes
1361 1897 1520 1960 forte
1560 1899 1782 1963 milita-

242 1979 436 2059 bant)
474 1979 848 2042 imminentes
892 1976 1002 2040 viae
1049 1977 1340 2058 angustae,
1419 1979 1494 2040 uzi
1541 1976 1784 2042 descen-

242 2059 386 2123 dere
428 2057 502 2122 ad
546 2058 749 2122 forum
786 2073 890 2118 rex
929 2056 1190 2130 solebat,
1220 2058 1383 2140 sump
1409 2074 1603 2120 erunt.
1647 2059 1742 2121 Ibi
1761 2105 1786 2138 ‚

292 2159 434 2203 uum
466 2135 729 2201 instrufiii
762 2136 1090 2218 armatique
1126 2135 1314 2198 ceteri
1345 2135 1652 2201 transtrum
1683 2158 1790 2201 ex-

268 2218 569 2304 pefikantes
590 2217 806 2281 starent
824 2261 845 2293 ‚
878 2215 982 2278 uni
1008 2235 1083 2278 ex
1104 2217 1195 2278 eis
1209 2263 1229 2297 ‚
1270 2218 1298 2296 (
1320 2216 1644 2280 Dinomeni
1671 2217 1792 2282 fuit

246 2301 507 2377 nomen)
543 2297 685 2383 quia
714 2295 911 2359 custos
934 2295 1208 2382 corporis
1232 2313 1392 2372 erat,
1410 2313 1620 2391 partes
1643 2297 1794 2363 datae

245 2379 383 2442 sunt
398 2425 432 2457 ,.
449 2396 520 2443 ut
552 2425 573 2456 ,
626 2397 818 2462 quum
858 2375 1362 2462 appropinquaret
1404 2396 1590 2460 januae
1639 2398 1745 2442 rex
1766 2409 1804 2461 ‚-

310 2569 339 2602 2
370 2551 587 2619 Pyrrhi..
612 2553 766 2619 regis,
796 2551 991 2600 materni
1050 2567 1155 2618 ceps
1186 2551 1268 2600 ille
1303 2551 1354 2600 in
1385 2553 1582 2604 exitium
1605 2569 1778 2608 rueret.

251 2621 377 2680 avi]
410 2618 531 2668 Gelo
554 2619 837 2679 Hieronymi
855 2629 989 2680 pater
1086 2645 1095 2652 —
1122 2631 1150 2663 2
1173 2615 1360 2666 liberas
1378 2617 1534 2682 aedes]
1556 2619 1802 2674 AEdes.va-

255 2682 510 2732 Nereidem
536 2680 690 2730 filiam
716 2682 885 2744 Pyrrhi
918 2695 991 2728 re·
1054 2695 1166 2729 cuas
1191 2714 1209 2741 ,
1261 2683 1311 2728 in
1351 2683 1523 2745 quibus
1568 2683 1652 2751 ipfi
1700 2685 1795 2735 soli
1859 2718 1873 2724 ·

254 2750 328 2812 gis
350 2761 547 2796 uxorem
566 2746 778 2796 duxerat.
1054 2744 1426 2810 hospitarentur.

321 2825 343 2870 3
370 2810 678 2859 sai-lationem
698 2809 879 2870 animi]
910 2811 990 2855 In·
1037 2818 1046 2825 ‘
1126 2823 1148 2868 3
1197 2809 1263 2856 12
1292 2825 1446 2858 omnes
1470 2806 1587 2874 fort?
1615 2809 1795 2860 milita-

254 2873 568 2924 eonstantiam
611 2875 766 2924 animi
802 2907 819 2933 ‚
868 2885 993 2921 nune
1056 2870 1210 2936 bant]
1257 2875 1365 2920 Hoc
1415 2871 1522 2921 ideo
1576 2874 1799 2927 observat

253 2939 352 2989 huc
368 2973 387 2999 ,
412 2954 539 2990 nune
556 2939 671 2989 illuc
691 2938 784 2988 sese
802 2951 992 2988 verten-
1058 2938 1214 2986 Livius
1233 2969 1251 2996 ,
1277 2949 1331 2984 ut
1365 2936 1538 2986 indicet
1573 2943 1799 3004 conjura·

252 3005 331 3052 tis.
1058 3013 1135 3052 tos
1181 2995 1383 3066 poruiffe
1423 3005 1492 3050 ita
1535 3017 1693 3067 regem
1746 3007 1802 3054 in

322 3083 343 3113 ι
381 3065 473 3114 Sed
498 3065 649 3115 omnia
678 3065 729 3112 in
756 3080 806 3114 eo
835 3065 998 3134 φατι·-
1061 3068 1314 3118 Leontinos
1355 3065 1400 3114 se
1434 3069 1482 3114 ui
1514 3099 1530 3126 ,
1569 3080 1621 3115 ut
1666 3067 1801 3118 nulla

254 3128 459 3202 pitia-ad
475 3131 649 3177 exitum
661 3127 885 3194 ficerunt]
915 3129 1001 3178 Sed
1071 3130 1180 3180 inde
1214 3133 1268 3180 in
1301 3138 1380 3179 ebs
1437 3131 1616 3198 uspicio
1646 3134 1800 3182 orire-

258 3205 429 3242 omma
450 3193 520 3241 ita
542 3205 735 3245 evenere
751 3225 770 3254 ,
788 3203 848 3242 ut
880 3207 1002 3256 1³1ae·
1068 3207 1166 3244 tur.
