2275 3842
533 175 694 277 3'60·
1013 171 1140 252 T:
1224 171 1287 252 L
1338 195 1474 253 τιν
1515 183 1549 250 i·
1595 195 1628 250 1
1958 259 1963 264 ‚

281 301 511 358 αις-,9,
533 273 696 338 ceffit
731 291 844 338 res.
887 272 1149 336 Incusati
1185 273 1443 354 graviter
1480 273 1554 336 ab
1591 273 1792 338 senatu
1829 272 2073 350 aedilen

281 359 513 415 &Cau-
535 365 566 409 5
605 352 1022 437 triumvirique
1062 353 1383 437 capitales,
1428 351 1599 437 quod
1631 373 1753 416 non
1792 354 2073 436 prohibe-

531 455 666 498 rent
687 480 708 510 ‚
735 455 926 520 quum
963 453 1239 496 emovere
1268 451 1400 496 eam
1440 433 1885 498 multitudinem
1916 433 1951 496 ὲ
1982 433 2076 496 fo-

529 535 603 578 ro
627 563 644 588 ,
671 534 743 578 ac
771 513 1040 593 disjicere
1068 534 1100 574 a
1144 529 1401 594 paratum
1420 513 1717 574 sacrorum
1751 514 1950 579 conati
1981 515 2075 576 es-

529 595 662 658 sent
681 641 702 670 ‚
732 593 890 656 haud
917 612 1104 674 procu
1160 590 1313 654 afuit
1389 591 1492 654 uin
1522 591 1925 658 violarentur.'
1948 593 2079 659 Ubi

529 674 838 757 potentius
869 673 986 754 jam
1023 669 1140 734 effe
1162 671 1244 734 «id
1281 691 1375 734 ma
1400 693 1501 734 um
1537 672 1845 754 apparuit,
1885 672 2073 756 quam

527 769 601 816 ut
631 755 889 816 minores
921 772 1026 836 pet
1059 749 1424 834 magistratus
1453 749 1787 828 sedaretur,
1819 758 1904 816 M.
1936 751 2071 814 Ati-

527 831 616 895 lio
654 833 886 916 praetoti
931 831 1097 894 urbis
1150 831 1459 914 negotium
1506 831 1581 892 ab
1619 833 1823 900 senatu
1862 831 2071 896 datum

529 912 616 977 est
638 957 658 986 ‚
687 928 756 976 ut
789 911 887 974 his
925 911 1313 994 religionibus
1343 909 1633 993 populum
1663 911 1955 974 liberaret.
2006 916 2073 976 Is

531 992 685 1056 &in
713 991 1003 1056 concione
1045 989 1612 1054 senatusconsultum
1652 991 1967 1067 recitavit,
1994 994 2068 1056 &

307 1077 498 1125 coactu
532 1071 719 1135 edixit
733 1119 758 1148 ,
781 1081 855 1134 Ut
893 1075 1226 1154 quicumque
1260 1071 1436 1131 libros
1473 1073 1754 1134 vaticinos
1777 1074 2069 1155 precatio-

275 1135 484 1192 ³s‘“⁸'·
526 1155 690 1232 nesve
706 1195 726 1222 ,
764 1172 862 1214 aut
902 1171 1077 1214 artem
1106 1151 1467 1230 purificandi
1508 1154 1865 1234 conscriptam
1903 1153 2069 1213 habe-

445 1273 454 1280 ·
525 1252 614 1306 ret
631 1254 766 1303 „eos
791 1231 963 1292 libros
991 1253 1171 1293 omnes
1194 1229 1517 1312 litterasque
1542 1234 1687 1309 adse
1710 1251 1838 1293 ante
1860 1231 2071 1294 Kalen-

523 1315 629 1373 das
655 1311 880 1394 Apriles
907 1314 1140 1391 deferret
1170 1336 1189 1370 .·
1215 1333 1321 1371 neu
1343 1315 1474 1392 quis
1501 1313 1563 1380 ia
1580 1311 1805 1393 publico
1828 1314 2070 1391 sacrove

531 1390 646 1452 loco
664 1435 685 1463 ,
717 1415 858 1453 novo
882 1411 978 1452 aut
1003 1412 1217 1453 externo
1241 1393 1359 1452 ritu
1371 1389 1733 1471 ‚sczcrg‘ficarea
1836 1439 1851 1454 .
2048 1433 2057 1443 -

309 1473 511 1544 sacerdo..
613 1477 700 1535 11.
729 1473 804 1533 Et
837 1470 1069 1552 aliquot
1101 1467 1329 1552 publici
1366 1469 1699 1555 sacerdotes
1730 1471 1952 1534 mortui
1985 1493 2067 1536 eo

275 1542 512 1644 2⁸15}ng
529 1571 686 1614 anno
737 1552 871 1614 sunt
910 1573 925 1613 ε
1088 1547 1409 1612 Cornelius
1454 1549 1739 1615 Lentulus
1786 1550 2068 1634 pontifex

433 1645 440 1650 ·
527 1631 818 1693 maximus
835 1677 857 1705 ,
881 1635 942 1694 δε
1029 1673 1046 1688 .
1072 1629 1340 1712 Papirius
1368 1629 1445 1690 C.
1471 1635 1529 1690 F.
1557 1631 1718 1692 Maso
1752 1631 2065 1712 pontifex,

521 1713 588 1774 δι
614 1713 678 1772 Ρ.
711 1710 917 1774 Furius
954 1706 1165 1770 Philus
1206 1725 1432 1789 augur,
1467 1712 1527 1771 δε
1563 1714 1641 1772 C.
1684 1710 1953 1792 Papirius
1986 1717 2065 1778 L.

521 1791 580 1852 Β.
609 1791 771 1852 Maso
796 1787 1096 1854 decemvir
1120 1788 1435 1850 sacrorum.
1476 1793 1547 1851 In
1584 1789 1823 1852 Lentuli
1855 1790 2069 1853 locum

520 1873 610 1932 M.
637 1869 958 1932 Cornelius
986 1866 1299 1950 Cethegus
1322 1914 1342 1942 ‚
1379 1868 1443 1930 in
1474 1869 1688 1951 Papirii
1716 1872 1833 1932 Cn.
1860 1871 2065 1934 Servi-

523 1947 644 2012 lius
664 1951 768 2012 Cae
810 1950 870 2011 io
893 1947 1250 2033 „pontifices
1273 1945 1493 2036 suffecii
1516 1949 1665 2010 sunt.
1688 1967 1878 2040 augur
1900 1969 2065 2014 crea-

522 2045 622 2094 tus
656 2035 722 2094 L.
826 2028 1050 2092 uintius
1089 2027 1445 2090 Flamininus
1472 2049 1487 2089 ε
1512 2027 1813 2092 decemvtr
1853 2031 2059 2094 sacro-

520 2129 656 2172 rum
683 2114 748 2172 L.
775 2107 1098 2172 Cornelius
1123 2105 1430 2170 Lentulus.
1470 2108 1873 2172 Comitiorum
1896 2129 2059 2171 con-

525 2189 801 2252 sularium
835 2189 954 2268 jam
970 2186 1303 2270 appetebat
1325 2203 1579 2272 tempus,
1616 2187 1713 2251 sed
1738 2188 1879 2272 quia
1903 2209 2055 2252 con-

303 2272 501 2342 »tegam
525 2268 676 2331 sules
712 2268 745 2330 a
784 2267 943 2330 bello
981 2265 1243 2328 intentos
1287 2286 1536 2329 avocare
1572 2287 1697 2332 non
1736 2268 2006 2350 placebat
2028 2317 2057 2345 ,

267 2342 458 2383 muu-
522 2349 616 2410 Ti.
655 2347 1034 2430 Sempronius
1071 2344 1280 2407 consul
1321 2347 1704 2410 comitiorum
1742 2349 1919 2412 causei
1959 2348 2059 2410 di·-

265 2403 362 2493 :2'5
385 2403 483 2436 ω’
526 2428 811 2494 statorem
854 2425 1007 2490 dixit
1047 2425 1126 2489 C.
1164 2423 1491 2491 Claudium
1532 2421 1911 2493 Centhonem
1934 2448 1949 2492 ι
1975 2429 2058 2491 ab

521 2587 902 2654 quillitatemque
995 2587 1250 2652 speaabat.
1316 2589 1389 2638 bis
1408 2587 1610 2640 conditae
1633 2591 1746 2638 608.
1777 2590 2057 2656 questioni·-

521 2651 700 2700 Confet
735 2649 895 2699 locum
924 2650 1065 2715 plane
1097 2653 1249 2717 gerni·
1315 2654 1403 2702 bus
1421 2656 1667 2720 perpetuis.
1698 2661 1821 2704 Tum
1844 2660 1971 2704 enim
1990 2654 2059 2705 dc

521 2731 638 2766 num
656 2751 673 2776 ,
695 2715 730 2765 l.
758 2721 842 2764 1v.
862 2731 908 2764 c.
935 2731 1010 2776 30.
1312 2719 1543 2767 viliffimis
1586 2716 1684 2768 fere
1729 2720 2003 2768 hominibus
2030 2754 2054 2778 ,

593 2794 615 2838 5
655 2779 909 2832 Triumviri
924 2814 966 2831 ..
995 2779 1248 2848 capitales]
1316 2780 1497 2830 furibus
1524 2782 1785 2848 servisque,
1806 2782 2054 2846 judicave-
2144 2794 2159 2803 ·

520 2845 591 2894 Hi
617 2843 915 2908 magistratus
935 2859 1070 2895 erant
1088 2841 1252 2894 suffra·
1314 2861 1365 2894 re
1393 2845 1455 2902 ad
1480 2845 1761 2896 columnam
1783 2847 2009 2898 Maeniam
2032 2880 2057 2912 ,

516 2909 608 2972 giis
646 2907 813 3018 ἓοριιὶἰ
855 2913 1036 2970 creati,
1067 2912 1148 2974 qui
1193 2910 1251 2956 de
1312 2908 1372 2956 de
1424 2924 1520 2974 qua
1576 2909 1793 2976 frequens
1841 2915 2057 2962 occurrit

517 2971 645 3019 male
681 2974 764 3022 ciis
797 2974 849 3021 δε
885 2973 1130 3023 sceleribus
1163 2986 1248 3020 co·
1313 2969 1438 3036 apud
1468 2973 1717 3038 scrIptores
1752 2978 1947 3026 mentio.
1982 2977 2061 3024 11-

497 3036 806 3102 ·gnoscerent.
840 3039 1052 3086 Multum
1083 3035 1140 3084 de
1168 3051 1249 3084 eo·
1312 3035 1423 3085 dem
1463 3041 1640 3088 carceri
1676 3053 1905 3104 praetant
1933 3073 1949 3097 ,
1992 3041 2055 3090 &e

417 3094 442 3124 '
511 3114 625 3148 tum
643 3100 866 3164 potestate
885 3101 1143 3150 detractum
1162 3097 1248 3159 est,
1310 3098 1539 3164 supplicia
1564 3101 1622 3154 dc
1640 3105 1796 3154 noxiis
1820 3103 2056 3156 statuenda

509 3161 776 3218 constitutis
799 3167 927 3216 circa
951 3177 1130 3216 aunum
1162 3177 1245 3236 ut·
1310 3165 1561 3218 curabant.
2040 3173 2049 3179 “

366 3249 382 3275 x
1464 3265 1469 3270 .
1760 3211 1783 3221 ..
1952 3222 2067 3302 ’ἑο
